2770 4946
512 379 756 452 nnmovmu

326 579 498 652 INCERTI
519 577 694 652 NOMINIS
716 581 956 669 RELIQVIAE

631 711 645 780 l

518 829 755 920 Neoptolemus

182 925 415 1019 philosophari
429 931 571 1002 esimrlti
584 954 739 1018 necesse,
763 936 796 1002 at
809 933 941 1025 paucis:
964 957 1038 1005 nam
1059 934 1191 1006 omnino
1292 945 1298 960 '

728 1035 808 1105 herii
829 1037 947 1126 placei.

186 1132 442 1224 Degustandum
478 1157 521 1206 ex
557 1138 613 1223 eri,
650 1161 716 1209 non
751 1138 784 1207 in
820 1160 891 1208 eam
921 1139 1192 1232 ingurgitandum

727 1262 858 1311 censeo.

181 1435 316 1509 'Omnes
339 1439 417 1510 dant
439 1441 613 1512 eonsilium
623 1341 774 1530 Iilianum,
798 1447 897 1538 atque
920 1445 962 1515 rid
986 1444 1189 1535 uoluptatem

560 1577 574 1604 ο
728 1547 845 1617 omnia.

89 1751 191 1814 420.
245 1795 253 1812 .
307 1795 315 1814 .
492 1748 529 1836 ui
548 1647 797 1840 patefflfeeeriint
818 1749 961 1842 Bruges.

181 1961 245 2048 Oui
267 1964 390 2056 le'mpla
411 1966 493 2036 caeli
516 1970 644 2040 summa
666 1973 776 2042 sonitu
799 1970 942 2042 concutit

110 2182 167 2231 Iso.
188 2195 250 2230 noir.
270 2197 327 2232 aar.
364 2183 376 2232 1
395 2181 483 2234 cicero
500 2185 576 2236 Tnse.
596 2187 666 2253 disp.
684 2188 707 2236 11
726 2189 756 2249 1,
776 2187 790 2238 1
815 2186 1061 2254 ‘Neoptolemus
1085 2185 1189 2248 quidem

74 2250 146 2317 apud
165 2250 276 2300 Ennium
298 2251 533 2318 philosophari
558 2256 627 2306 sibi
654 2257 698 2306 ait
719 2273 853 2308 neeesse
871 2273 955 2318 esse,
978 2255 1036 2307 sed
1059 2255 1186 2322 paucis:

75 2336 146 2370 nam
162 2321 290 2372 omnino
306 2321 389 2372 houd
407 2323 552 2390 plaeere.
590 2327 645 2392 Ego
663 2334 761 2388 autem,
779 2326 869 2386 Brute,
888 2341 993 2376 necesse
1007 2323 1070 2374 mihi
1085 2324 1189 2387 quidem

75 2406 134 2442 esse
153 2390 263 2440 arbitror
279 2391 460 2457 philosophari
474 2429 480 2442 .
492 2430 515 2444 ..
529 2394 576 2444 sed
592 2409 643 2444 non
661 2397 766 2461 paucis,
785 2403 812 2445 ut
832 2396 884 2449 ille.
904 2423 937 2432 -
954 2395 971 2444 2
990 2392 1042 2444 Sed
1055 2400 1139 2444 tamen
1157 2394 1189 2442 in

73 2461 148 2509 uita
168 2467 292 2524 occupata
309 2467 398 2524 atque,
417 2469 445 2510 ut
463 2462 666 2529 Neoptolemi
685 2473 747 2516 tum
765 2473 845 2525 erat,
872 2463 1012 2514 militari
1030 2478 1113 2528 pauca
1130 2464 1189 2528 ipsa

73 2529 184 2578 multum
202 2545 280 2594 saepe
297 2530 424 2596 prosunt.’
462 2532 532 2582 ldem
552 2533 584 2583 de
600 2541 663 2584 orat.
684 2533 832 2594 1137‚156
850 2536 894 2583 ‘ac
905 2534 942 2583 sic
957 2531 1060 2582 decroni
1073 2531 1189 2598 philoso-

72 2598 150 2666 phari
176 2599 277 2663 potius,
307 2607 335 2648 ut
361 2599 542 2664 Neoptolemus
568 2603 638 2668 apud
658 2605 782 2664 Ennium,
808 2603 935 2670 paucis:
963 2615 1032 2651 nam
1058 2602 1187 2651 omnino

73 2667 159 2718 haud
177 2668 307 2734 placet'
344 2669 413 2719 ldem
432 2670 465 2720 de
484 2687 511 2720 re
531 2687 556 2736 p.
577 2673 587 2721 l
607 2671 656 2731 18,
674 2671 709 2724 30
732 2673 828 2737 ‘magis
846 2687 904 2722 eum
920 2669 1062 2720 delectabat
1077 2671 1187 2733 Neopto-

74 2738 157 2788 lemus
182 2737 262 2798 Enni,
286 2740 342 2801 qui
367 2753 400 2788 se
422 2741 470 2788 ait
492 2739 669 2792 lilosolari
688 2741 789 2801 uelle,
812 2747 860 2791 set
877 2739 1006 2806 paucis:
1034 2754 1104 2789 nam
1123 2753 1187 2790 om-

73 2809 150 2856 uino
178 2806 264 2856 haud
290 2807 442 2871 plaeere!
484 2807 581 2858 Gellius
602 2811 625 2858 V
644 2809 676 2860 15
699 2811 856 2860 ‘Ennianum
878 2808 1072 2874 Neoptolemum
1094 2807 1187 2874 proba-

73 2877 180 2936 bamus,
207 2877 251 2937 qui
277 2875 392 2942 prolecto
419 2877 455 2926 ita
480 2878 529 2926 ait:
559 2878 861 2945 philosophandum
888 2886 936 2929 est
965 2879 1088 2942 paucis:
1117 2893 1186 2926 nam

73 2945 204 2996 omnino
230 2945 310 2994 hant
333 2945 459 3010 plaeet’
496 2947 593 2997 lbidem
613 2947 646 2998 16
665 2949 844 3011 ‘eiusdemque
862 2948 932 2998 illius
950 2947 1061 2997 Enniani
1077 2947 1187 3012 Neopto-

74 3015 149 3073 lemi,
175 3014 207 3062 de
248 3029 280 3064 uo
301 3031 379 3082 supra
402 3016 567 3080 scripsimus,
592 3017 698 3067 consilio
723 3018 845 3068 utendum
862 3023 916 3076 est,
941 3017 984 3080 qui
1005 3017 1187 3083 degustan-

74 3085 146 3134 dum
163 3098 201 3132 ex
218 3029 433 3152 plrilosophia
451 3093 573 3146 censet,
598 3101 658 3136 non
673 3086 706 3135 in
725 3085 1096 3152 eamingurgitandum.'
1134 3086 1187 3150 Ap-

73 3152 179 3220 puleius
191 3152 224 3201 de
236 3154 323 3219 magia
337 3169 359 3203 o.
374 3153 405 3203 13
420 3169 447 3220 p.
461 3155 513 3205 415
528 3153 592 3204 0ud.
610 3158 656 3205 ‘ne
670 3169 718 3220 ego
734 3171 837 3206 necesse
851 3155 973 3216 habeam,
991 3164 1078 3208 contra
1087 3163 1187 3205 senten-

72 3225 135 3271 tiam
154 3221 316 3286 Neoptolemi
332 3223 441 3272 Enniani
460 3224 577 3288 pluribus
597 3225 794 3290 philosophari!
864 3225 887 3275 ll
906 3225 996 3275 Fronto
1015 3226 1095 3291 Epist.
1114 3225 1137 3272 11
1157 3223 1187 3274 13

74 3308 101 3356 p.
118 3293 152 3340 57
164 3290 206 3340 ed.
222 3292 295 3344 Rom.
311 3291 353 3357 (p.
371 3292 403 3342 61
422 3291 510 3356 Nieb.)
531 3292 674 3343 ‘adfinitate
696 3295 819 3345 sociatum
837 3309 919 3358 neque
934 3293 1028 3344 tutelae
1044 3294 1186 3344 subditum:

74 3367 208 3427 praeterea
226 3361 253 3408 in
272 3376 302 3410 ea
319 3360 420 3410 fortuna
432 3363 608 3422 constitutum,
627 3365 653 3412 in
667 3378 730 3428 qua,
751 3371 778 3413 ut
790 3363 819 3422 Q.
836 3363 932 3412 Ennius
944 3364 993 3422 ait,
1012 3377 1100 3412 omues
1114 3362 1185 3411 dant'

74 3448 97 3480 e.
118 3447 143 3492 q.
164 3445 185 3477 s.
257 3430 291 3479 Ill
310 3429 398 3480 Cicero
417 3429 486 3483 Orat.
506 3432 554 3488 48,
574 3431 624 3482 160
650 3433 772 3482 ‘Burrum
791 3447 892 3498 semper
912 3432 1023 3492 Ennius,
1049 3447 1186 3492 numquam
1232 3453 1238 3466 ·

75 3498 214 3562 Pyrrhum:
238 3499 270 3547 ui
293 3515 321 3564 p.
348 3493 483 3564 Bruges,
509 3514 559 3552 non
575 3501 702 3568 Phryges:
727 3503 810 3568 ipsius
835 3501 932 3563 antiqui
955 3499 1084 3550 declarant
1107 3499 1184 3548 libri.'

75 3567 246 3627 Quintilianus
265 3568 275 3615 l
294 3571 325 3627 4,
343 3570 376 3619 15
396 3569 458 3619 ‘sed
476 3569 494 3618 B
513 3584 613 3633 quoque
630 3571 657 3620 in
674 3571 757 3621 looum
776 3571 883 3620 aliarum
901 3568 1018 3618 dedimus
1039 3568 1185 3632 aliquando,

75 3636 143 3687 unde
160 3637 255 3686 Burrus
273 3643 298 3686 et
315 3637 436 3702 Bruges
459 3645 484 3688 et
502 3638 615 3691 Belena.'
685 3641 720 3690 1v
743 3641 877 3690 Terentius
895 3640 961 3687 Eun.
979 3637 1013 3687 111
1031 3639 1063 3696 5,
1081 3639 1115 3686 42
1134 3641 1185 3686 ‘ta-

75 3706 163 3755 bulam
184 3705 312 3768 quandam
329 3708 441 3774 pictam:
467 3707 512 3757 ubi
529 3708 611 3758 inerat
626 3709 727 3774 pictura
743 3709 821 3770 haee,
837 3708 925 3758 Iouem
944 3703 950 3775 Ι
970 3705 1024 3765 Quo
1042 3713 1116 3774 paeto
1134 3707 1185 3756 Da-

118 3880 170 3935 41⁷
185 3877 380 3951 philosophari
397 3888 440 3936 est
457 3883 524 3938 mihi
541 3900 675 3956 necesse,
695 3891 722 3939 at
740 3882 850 3940 Vossius
865 3883 1015 3940 seeundum
1031 3881 1086 3942 Cic.
1102 3881 1185 3936 Tuae.

77 3961 333 4032 philosophandum
349 3971 407 4033 est,
431 3966 483 4022 sed
502 3968 615 4024 Bothius
631 3985 669 4025 ex
684 3969 766 4024 Gellio
838 3974 885 4022 aut
900 3967 989 4023 Lour.
1008 3966 1093 4022 Gellii.
1109 3964 1186 4019 haud

77 4048 162 4102 ceteri
252 4047 367 4104 Versum
382 4054 435 4109 418
451 4066 466 4106 e
482 4053 566 4108 Gellio
589 4055 765 4109 concinnavit
780 4053 811 4108 0.
827 4051 990 4107 Ribbectius
1074 4051 1125 4106 419
1146 4055 1185 4103 at·

79 4147 132 4202 que
153 4129 189 4185 ad
213 4132 384 4203 uoluptatem
402 4133 496 4190 omnia
518 4153 572 4192 om.
593 4138 637 4193 ed.
651 4137 761 4192 Mediol.
778 4141 805 4191 et
817 4135 896 4191 Nieb.
972 4134 1065 4206 adque
1079 4132 1140 4189 eod.

119 4217 172 4271 420
186 4216 227 4282 ui]
242 4217 270 4272 bi
284 4218 397 4275 Atrine.
483 4220 591 4293 Fruges
616 4222 696 4278 Viteb.
711 4221 813 4278 Dresd.
828 4239 864 4276 m.
873 4235 924 4294 pr.
940 4220 1020 4275 Eine.

119 4316 233 4374 Emuvs.
937 4313 978 4380 10
