2784 4940
230 381 368 428 xxxvtll
617 370 931 439 QVAESTIONES

229 536 293 596 dina
315 535 415 595 hostes
433 553 466 594 se
487 535 646 595 inferentes
667 533 865 613 procliue'est
888 551 1063 610 agnoscere.
1108 533 1238 594 Relicua
1261 534 1287 592 lu.
1307 553 1326 592 a.

229 639 264 700 ir.
285 637 383 699 LXVI.
407 638 518 699 LXVII.
544 638 660 698 LXVIII
682 639 826 700 Ilersiliae
849 639 939 700 uerba
960 657 1028 698 esse
1057 636 1217 718 probabile
1246 644 1276 693 et
1300 653 1328 692 er

231 754 313 824 parta
335 745 402 804 olim
424 744 600 804 Intellectum
617 754 671 804 est.
716 744 761 804 Ad
782 763 843 804 rem
864 746 934 805 iacit
959 745 1033 804 liaeo
1064 743 1100 803 alt
1123 742 1157 800 Α.
1184 739 1284 800 Gellio
1301 739 1327 797 N.

231 849 265 908 Α.
289 848 355 910 XIII
374 848 413 909 22
436 850 538 910 tradita
558 848 609 909 (lu.
634 850 719 910 Gellii
742 869 758 910 e
781 853 867 910 tertio
892 851 987 910 annali
1010 852 1151 910 narratio:
1171 852 1328 909 Hersiliam,

229 977 290 1016 cum
312 961 389 1032 opud
410 961 441 1015 Τ.
466 961 573 1016 Tatium
590 961 675 1016 uerba
694 960 804 1032 faceret
814 977 970 1034 pacemque
994 968 1099 1030 oraret,
1127 962 1164 1014 ita
1188 963 1328 1029 precatam

230 1081 290 1122 ease
313 1052 436 1122 ‘Nerio
466 1065 597 1121 Martis
624 1075 654 1120 te
680 1066 840 1134 obsecro,
870 1080 994 1136 pacem
1019 1066 1079 1134 do,
1107 1073 1145 1132 ta,
1185 1067 1231 1120 uti
1262 1064 1330 1116 licea

229 1173 332 1243 nuptiis
346 1173 473 1243 propriis
494 1178 522 1226 et
535 1174 681 1244 prosperis
701 1173 749 1239 uti,
771 1171 844 1242 quod
865 1171 899 1226 de
926 1173 964 1226 tui
983 1175 1106 1244 conopeo
1130 1173 1248 1226 consilio
1275 1184 1327 1222 eoa-

229 1279 292 1348 daia,
307 1280 347 1332 uti
358 1291 408 1332 aas
420 1279 510 1333 Itidem
523 1281 644 1350 intepras
657 1281 798 1346 raperent,
820 1277 894 1330 unde
911 1277 1009 1333 ldaeros
1023 1279 1077 1333 cibi
1089 1286 1116 1334 et
1128 1281 1197 1346 cuis,
1211 1283 1329 1348 posteros

228 1384 339 1452 patriae
351 1383 510 1453 pararent’
532 1377 579 1438 tu.
597 1377 711 1454 LXVII,
734 1378 770 1437 de
786 1395 844 1456 quo
860 1376 971 1438 Merula
987 1379 1126 1439 mirabilia
1143 1377 1328 1454 excogitauit,

231 1481 354 1543 llersiIia
375 1500 490 1543 sumens
514 1485 551 1544 de
573 1484 671 1544 salbus
694 1483 858 1562 exemplum
878 1482 1024 1570 Romanos
1040 1483 1230 1562 Sabinosque
1252 1501 1267 1541 a
1289 1499 1327 1558 pu·

230 1589 346 1664 guaddo
357 1589 453 1648 studet
465 1609 567 1651 arcere
581 1592 636 1667 (ci.
651 1590 686 1654 Α,
696 1587 942 1649 Xocltiusllxcrc.
957 1593 1019 1649 crit.
1033 1609 1061 1668 p.
1072 1593 1118 1670 4),
1132 1600 1225 1668 atque
1240 1587 1328 1647 eaden

231 1694 382 1754 Romulum
405 1703 434 1754 et
455 1694 565 1755 l'atium
588 1699 745 1773 adhortari,
764 1703 796 1755 ut
817 1695 1003 1755 concordiam
1026 1697 1140 1770 inirent,
1164 1695 1283 1755 uidetur
1300 1693 1326 1749 tr.

230 1799 358 1860 LXVIII.
400 1799 465 1860 Non
487 1800 568 1879 plura
591 1800 627 1862 de
649 1802 735 1862 bellis
758 1801 872 1861 Romuli
894 1799 989 1860 liabeo
1012 1819 1088 1879 quac
1110 1818 1274 1879 exponam:
1301 1813 1326 1854 aa

232 1907 349 1984 parcius
372 1907 456 1966 etium
480 1907 516 1966 de
540 1907 627 1966 rebus
656 1908 732 1967 domi
761 1909 853 1984 gestis
882 1905 1035 1966 dicendum
1063 1909 1133 1966 erit:
1162 1907 1201 1966 de
1234 1903 1325 1983 quilius

232 2028 314 2070 uuum
344 2010 437 2070 Varro
469 2012 506 2072 de
535 2012 566 2071 L.
595 2012 624 2072 L.
655 2015 682 2073 V
713 2015 753 2074 55
784 2013 822 2072 ll.
853 2012 1005 2086 indicauit,
1045 2012 1138 2071 trihus
1164 2030 1180 2072 a
1215 2007 1325 2070 Romulo

231 2119 373 2177 institutas
394 2136 430 2177 aa
451 2120 648 2179 denominatas
663 2119 784 2178 Ennium
803 2118 937 2194 tetigisse
954 2116 1073 2196 (LXX).
1097 2117 1144 2178 Fr.
1162 2117 1257 2178 LXIX
1269 2133 1324 2175 oon·

232 2233 342 2283 enatam
378 2224 513 2284 Romanis
551 2227 579 2285 in
612 2225 700 2284 rebus
736 2224 874 2302 gerendis
914 2224 1066 2284 formulam
1105 2226 1253 2299 continet,
1289 2221 1324 2280 cui

231 2347 315 2388 unam
338 2338 445 2389 certam
468 2332 654 2392 occasionem
673 2332 812 2408 indagare
840 2347 899 2388 non
926 2330 1005 2390 licet.
1051 2329 1150 2390 'latius
1177 2349 1193 2390 a
1218 2329 1324 2390 Lauina·

231 2433 307 2494 tibus
335 2445 497 2496 truncatur:
527 2439 581 2498 hac
612 2439 828 2516 opportunitate
859 2436 934 2495 hunc
964 2455 980 2494 a
1013 2436 1209 2513 grammaticas
1238 2432 1323 2493 mirum

232 2541 366 2618 quotiens
394 2543 604 2618 frequentatum
630 2561 745 2602 uersum
767 2565 783 2602 o
808 2547 866 2602 Tite
891 2551 944 2602 tute
969 2547 1032 2602 Tati
1056 2547 1103 2602 tibi
1121 2553 1199 2601 tanta
1217 2551 1324 2618 tyranne

230 2652 316 2707 toleti
341 2645 464 2727 (LXXI)
489 2648 593 2707 elatum
629 2668 696 2709 essa
724 2650 813 2710 credo
836 2667 899 2708 cum
926 2648 1087 2709 Niebuhrio
1114 2646 1187 2706 llist.
1218 2639 1323 2705 llam-l

231 2751 291 2813 259
318 2762 347 2812 et
377 2753 569 2830 Sclrweglero
598 2754 670 2814 llist.
701 2754 784 2814 Rom.
812 2754 919 2816 1516.
963 2753 1102 2814 Romulus
1132 2762 1236 2813 coorta
1265 2759 1322 2808 ten·

230 2866 357 2936 pestate,
380 2857 426 2936 (ut
450 2859 486 2919 de
509 2859 560 2919 illo
583 2859 639 2918 dici
662 2861 794 2920 uideatur
812 2879 891 2936 qoem
913 2868 1120 2938 supertepens
1145 2866 1234 2920 Porta
1261 2861 1323 2915 tonat
1357 2909 1358 2926 ,

230 2970 302 3024 coeli
320 2966 376 3024 iuc.
396 2966 458 3025 sed.
483 2963 608 3041 CXXX,
638 2966 725 3025 modo
744 2966 816 3026 tides
835 2984 938 3026 uersus
967 2968 1077 3027 mellus¹
1094 2967 1259 3043 constaret)
1286 2977 1321 3018 se·
1357 2957 1358 3038 ξ

231 3071 353 3132 cundum
377 3072 524 3132 decretum
546 3072 624 3132 louis
644 3075 672 3131 in
694 3072 846 3151 Olympum
875 3073 1017 3149 euehitur,
1042 3072 1142 3132 llartis
1158 3074 1258 3150 equis:
1277 3071 1321 3128 hnc
1357 3041 1358 3066 l

229 3179 304 3236 enim
326 3177 445 3237 duxisse
467 3176 609 3237 exEnnio
632 3180 804 3239 crediderim
826 3179 903 3257 quod
918 3179 1054 3238 Horatius
1076 3179 1219 3255 algnilicat
1239 3176 1319 3238 (iarn.

229 3283 269 3344 lIl
292 3284 321 3359 3,
345 3284 382 3345 16
406 3284 470 3361 (uel
488 3286 597 3344 rectius
621 3285 649 3360 2,
672 3283 742 3364 48);
767 3293 797 3344 et
818 3283 937 3345 0uIdius
961 3282 1038 3343 Fast.
1061 3282 1087 3343 II
1109 3285 1186 3345 496:
1209 3291 1273 3344 diac
1291 3290 1321 3338 tc·
1357 3325 1358 3334 2

228 3399 285 3463 aad,
307 3393 371 3450 ltine
390 3397 479 3450 missis
501 3396 675 3468 abrumpilur
695 3396 802 3468 ionibus
821 3395 925 3451 aether.
970 3395 1020 3450 aa
1036 3394 1121 3466 supa:
1152 3411 1206 3451 ree
1236 3390 1321 3466 paurds

229 3505 308 3556 ostra
332 3502 444 3574 petebat
469 3505 552 3574 equis.
612 3497 714 3576 Erepti
740 3500 820 3574 regis
848 3497 1022 3560 desiderium
1047 3497 1173 3575 populus
1201 3491 1321 3576 exprimit

227 3604 263 3664 fr.
287 3602 405 3664 LXXII:
437 3607 625 3682 uniuersus,
649 3620 722 3683 quos
746 3602 921 3664 Niebuhrius
944 3603 1098 3662 admiratur
1119 3603 1138 3661 l.
1163 3603 1182 3662 l.
1207 3621 1235 3680 p.
1260 3595 1319 3666 aad,

228 3710 308 3770 Liuio
337 3709 486 3771 obuersati
507 3729 574 3770 esse
597 3711 744 3784 uidentur,
776 3726 838 3768 oum
861 3707 936 3767 liaeo
958 3707 1102 3768 scriberet
1122 3708 1135 3768 I
1158 3708 1210 3770 16:
1239 3705 1321 3767 deinde

228 3839 246 3875 a
271 3823 374 3893 panos
403 3823 477 3877 initio
507 3819 584 3890 facto
619 3819 699 3874 deum
736 3819 785 3873 deo
816 3823 911 3873 aarum
938 3833 1029 3890 repom
1053 3825 1254 3890 parentemque
1280 3827 1318 3868 ar·

228 3929 269 3983 bis
288 3927 434 3982 Romanae
455 3928 565 3982 soluere
586 3927 712 3980 uniuersi
724 3925 868 3980 Romulum
891 3923 996 3986 iubenu-
1012 3941 1113 3998 pacem
1133 3925 1261 3997 precibus
1279 3933 1318 3974 at-

221 4040 354 4106 poscunt,
372 4040 412 4090 uti
430 4035 525 4089 uolens
545 4033 681 4104 propitius
703 4047 782 4086 suam
804 4045 914 4101 semper
941 4033 1054 4102 sospitet
1074 4033 1245 4103 prapeoiem.
1278 4013 1318 4080 ,Ε

226 4133 341 4194 Proculi
351 4132 414 4192 Iulii
427 4136 558 4194 oratione
572 4142 662 4192 restat
674 4133 708 4193 lr.
720 4132 846 4192 LXXIII.
874 4131 1037 4191 Proximum
1049 4149 1165 4190 uersum
1181 4123 1316 4208 (LXXIV)

227 4241 273 4300 cui
293 4239 443 4300 tribuerIm
465 4242 577 4314 nescio,
602 4257 657 4298 nec
680 4239 798 4299 multum
821 4241 895 4298 inter
910 4247 969 4306 cst;
994 4238 1050 4299 lnoc
1069 4247 1164 4298 tamen
1182 4237 1247 4297 iude
1261 4239 1332 4294 cot*
