2752 4944
486 385 715 442 ENNIANAE
1097 393 1157 442 xct

29 550 128 608 dictis
162 567 198 610 ac
231 549 397 627 praeceptis
427 548 464 609 de
494 549 622 609 morilrus
645 548 841 624 distinxisset,
870 547 991 608 Ennium
1015 548 1155 610 credibile

29 664 80 712 est
105 655 179 714 inde
196 654 280 714 huius
298 656 416 730 generis
442 672 516 732 quae
547 657 610 714 usui
643 656 825 729 uiderentur,
857 654 1037 731 expiscatum
1070 671 1153 712 esse:

28 779 216 838 quamquam
247 763 354 820 certius
391 761 521 820 iudicare
557 770 613 820 tarn
644 760 727 820 Ennii
758 778 843 839 quam
877 758 992 818 Sotadis
1020 757 1154 835 reliquia-

30 884 100 924 rum
132 866 260 924 tenuitas
290 884 347 925 nou
376 867 451 926 sinit.
501 865 673 944 Fragmenta
703 875 760 925 tam
793 874 873 924 certa
901 881 985 941 quam
1012 863 1155 941 probabili

30 973 213 1030 coniectura
237 970 293 1030 hirc
319 972 409 1032 relata
434 981 527 1030 metro
550 972 687 1032 Sotadico
718 971 898 1048 conscripta:
924 978 953 1028 at
981 987 1036 1028 nec
1063 969 1154 1028 solius

30 1078 125 1136 metri
144 1095 231 1136 causa
244 1076 300 1135 hoc
312 1095 415 1136 nomen
431 1080 549 1138 carmini
563 1080 741 1157 inscriptum,
758 1095 812 1136 nec
827 1075 911 1134 huius
926 1076 1035 1134 numeri
1051 1093 1155 1135 uersus

31 1183 168 1243 Enniani
192 1200 293 1242 onmes
313 1186 375 1244 iure
397 1185 433 1244 ad
458 1184 514 1244 lroc
534 1192 637 1263 poema
662 1183 844 1242 reseruntur:
874 1181 951 1258 quod
976 1180 1084 1258 llugius
1104 1198 1154 1240 uo·

32 1291 108 1350 luit:
137 1292 186 1368 qui
205 1307 269 1349 curn
288 1309 352 1348 cnm
373 1308 458 1368 quern
474 1289 503 1346 in
517 1296 621 1366 quarto
630 1298 788 1348 saturarum
812 1287 936 1366 adposui
958 1297 1051 1346 metro
1070 1288 1153 1346 Sota·

31 1397 97 1455 deo
131 1396 357 1474 descripsisset,
394 1397 423 1454 in
451 1393 642 1470 lanceatum,
679 1413 763 1472 qnam
790 1410 848 1452 non
874 1393 1017 1452 diuersam
1046 1392 1154 1452 aSota

32 1499 162 1575 habuit,
188 1501 327 1580 quidquid
355 1521 391 1562 ex
413 1501 497 1561 Ennii
524 1501 718 1560 Sotadeorum
748 1501 851 1558 citatur
883 1497 1034 1558 conlocari
1062 1499 1153 1556 iussit.

33 1605 132 1678 Quod
154 1623 206 1664 eur
229 1608 354 1684 probare
377 1625 536 1686 nequeam,
558 1607 598 1666 ibi
619 1607 676 1666 dixi
700 1606 748 1666 ubi
769 1605 805 1664 de
825 1604 876 1664 illo
900 1612 1060 1662 saturarum
1078 1603 1153 1662 libro

34 1711 186 1789 exposui:
211 1719 351 1790 atquem
375 1713 460 1772 inerit
481 1714 552 1772 Sota
578 1729 647 1791 pars
671 1721 847 1786 saturarum,
876 1727 934 1770 uon
955 1717 1000 1768 est
1021 1727 1073 1768 cur
1097 1717 1154 1768 tarn

36 1825 105 1876 arte
139 1819 167 1875 in
193 1817 250 1877 hoo
278 1826 364 1896 poeta
391 1820 454 1878 eius
485 1821 596 1878 numeri
627 1837 708 1878 usum
747 1817 1030 1890 circumscribamus,
1069 1833 1155 1892 quern

38 1930 153 1998 postea
174 1921 256 1981 multi
282 1931 388 2001 poetae
411 1941 469 1983 non
490 1927 518 1984 in
541 1926 668 1985 saturica
692 1933 798 1984 tantum
821 1940 931 2000 genere
954 1920 1153 1982 adhibuerunt.

133 2025 177 2086 Ad
206 2038 317 2090 saturas
344 2032 444 2090 nescio
474 2049 510 2090 an
540 2041 622 2090 recte
650 2031 815 2090 referantur
843 2027 1058 2104 Praecepta
1092 2027 1154 2084 siue

38 2132 324 2212 Protrepticus:
354 2152 416 2196 nam
445 2138 523 2216 qnod
550 2146 579 2196 et
599 2136 709 2213 llugius
732 2136 803 2196 uidit
826 2135 940 2212 etipse
969 2132 1063 2190 statim
1085 2148 1153 2190 con·

36 2242 115 2314 ieci,
147 2241 191 2298 sic
220 2239 374 2317 dupliciter
401 2250 490 2320 pocta
512 2253 541 2302 et
559 2243 657 2302 Latine
676 2250 705 2300 ct
724 2239 837 2300 Graece
874 2256 959 2296 unum
988 2236 1091 2296 librum
1112 2237 1153 2296 iu·

37 2346 179 2423 scripsit:
202 2345 239 2404 de
261 2346 342 2404 cuius
364 2347 461 2406 indole
484 2349 550 2408 libri
570 2367 605 2409 ac
627 2348 745 2409 materia
768 2346 855 2424 plane
875 2344 1016 2404 caecutio.
1061 2341 1152 2418 Frag-

37 2461 142 2510 mento
172 2451 265 2510 altero
294 2449 433 2512 Columna
462 2473 491 2533 p.
523 2455 579 2514 191
609 2473 667 2514 nou
692 2455 790 2530 inepte
812 2450 1153 2530 putat‘comparatione

39 2578 78 2617 ex
103 2557 255 2634 agricolae
279 2556 425 2633 diligentia
448 2559 532 2618 ducta
555 2567 670 2638 poetam
690 2558 837 2618 monuisse
858 2562 1012 2632 corruptos
1032 2571 1154 2632 prauos·

39 2683 100 2743 que
130 2662 356 2723 adulescentium
378 2681 491 2740 mores,
520 2675 672 2746 autequam
693 2665 836 2725 firmiores
859 2663 885 2719 in
909 2669 1026 2718 teneros
1054 2677 1155 2718 eorum

39 2771 156 2827 animos
186 2767 301 2826 radices
329 2779 415 2846 agant
447 2781 476 2830 et
498 2775 588 2832 maius
622 2771 762 2851 temporis
785 2767 966 2829 diuturnitate
995 2766 1155 2843 suscipiant

41 2877 272 2947 incrementum,
301 2875 484 2935 suasionibus
505 2877 588 2934 minis
610 2874 841 2953 uerberibusque
868 2871 993 2933 funditus
1011 2889 1080 2930 esse
1103 2890 1153 2930 ex·

42 2981 210 3059 tirpaudos:
235 2982 312 3058 quod
335 2983 450 3060 quidem
474 2981 600 3061 prudeus
623 2989 705 3058 pater
723 2977 846 3040 familias
864 2993 921 3036 non
943 2977 1045 3036 minori
1068 2977 1153 3037 sedu-

41 3088 124 3147 litate
158 3085 280 3144 ellicere
314 3085 422 3144 debeat
456 3105 539 3164 quam
570 3096 709 3166 expertus
743 3083 890 3161 agricola,
927 3083 974 3159 qui
1003 3081 1051 3140 ubi
1076 3083 1154 3142 uidet

43 3211 165 3254 auenam
199 3191 297 3251 lolium
327 3209 465 3252 crescere
500 3194 574 3252 inter
607 3194 731 3253 triticum
764 3189 871 3266 selegit
903 3188 1031 3246 secernit
1060 3185 1155 3246 aufert

44 3299 179 3360 sedulo'

128 3403 439 3482 lleduphagetlca
462 3422 561 3464 uerum
583 3425 651 3466 esse
674 3407 756 3468 huius
780 3401 913 3463 carminis
941 3399 1064 3458 indicem
1086 3396 1153 3458 Flo·

44 3513 172 3571 rentinus
197 3508 323 3587 Appulei
343 3509 516 3585 persuadet:
543 3529 596 3589 pro
631 3533 688 3593 quo
718 3511 785 3570 olim
809 3513 971 3583 Plrapetica‚
1009 3509 1153 3578 Piapcsic,

43 3620 249 3693 Hcdppatlico‚
270 3618 499 3690 Hedypotltetico‚
520 3616 576 3676 alia
596 3616 738 3676 ferebant.
784 3614 816 3673 ln
838 3630 874 3672 eo
898 3612 1022 3670 carmine
1046 3609 1153 3668 Ennius

44 3723 167 3799 piscium
190 3739 340 3780 censuram
370 3722 430 3796 egit
453 3720 671 3782 Archestratum
696 3721 851 3782 Gelensem
877 3725 1012 3790 secutus,
1038 3715 1153 3792 dequo

44 3827 111 3886 uide
129 3825 344 3902 Bernhardyum
364 3825 428 3885 litt.
450 3825 553 3885 Graec.
573 3826 642 3905 llp.
666 3825 737 3885 927.
784 3821 965 3882 Archestrati
984 3838 1100 3880 carmen
1118 3807 1168 3878 alt¹

45 3933 108 3992 aliis
142 3932 200 3990 alio
231 3930 315 3989 titulo
354 3930 450 4008 (uelut
482 3930 695 4012 γαστρονομία,
734 3919 920 4007 ddcdccdccc,
959 3923 1155 4002 δειπνολογία,

46 4030 205 4115 dapcrrorio)
230 4036 299 4094 olim
320 4035 463 4096 laudatum
486 4056 554 4096 esse
577 4037 746 4096 Athenaeus
770 4041 902 4105 testatur,
927 4031 1000 4090 idem
1021 4030 1066 4088 cui
1087 4028 1154 4086 reli·

47 4143 128 4218 quias
151 4141 289 4220 quasdam
317 4160 333 4200 e
364 4141 499 4200 uersibus
520 4141 702 4201 Archestrati
726 4139 876 4198 debemus.
929 4135 1011 4208 Quae
1040 4133 1156 4212 quidem

47 4247 165 4307 Ennium
199 4248 227 4306 iu
253 4247 375 4324 singulis
404 4247 524 4324 propius
555 4254 685 4305 secutum
721 4262 788 4302 esse
818 4241 999 4301 Archestrati
1031 4240 1157 4316 uestigia
