2770 4946
443 355 446 360 ·
502 333 744 403 unilovran
1116 329 1178 396 161

56 502 240 594 migrauit,
274 521 378 592 seges
410 523 431 570 a
460 499 594 570 domino
623 501 779 572 demessa
813 507 875 574 est
904 543 958 558 -
991 471 1045 561 ζ
1081 505 1180 578 Hunc

58 597 194 695 Aesopi
217 603 400 696 apologum
424 601 463 687 0.
481 603 609 674 Ennius
631 604 666 674 in
691 606 802 678 satiris
830 607 912 678 scite
939 609 1117 681 admodum
1145 616 1179 682 et

58 713 209 777 uenuste
233 707 386 776 uersibus
406 705 575 800 quadratis
593 709 789 799 composuit
833 709 983 795 Quorum
1003 714 1071 785 duo
1092 735 1179 805 pos·

60 810 160 879 tremi
196 810 250 879 isti
273 813 365 894 sunt,
405 831 490 902 quos
518 809 640 880 habere
664 811 756 880 cordi
787 817 822 883 et
851 817 1028 887 memoriae
1055 839 1178 908 operae

62 913 207 1004 pretium
229 934 306 982 esse
327 912 439 983 hercle
455 915 556 1004 puto:

168 1048 242 1119 Hdc
261 1049 323 1118 erit
344 1048 402 1119 tibi
419 1049 652 1141 irgumentum
674 1047 806 1140 semper
827 1049 860 1120 in
880 1053 1035 1143 promptu
1060 1051 1176 1124 situm:

168 1152 217 1222 Ne
236 1151 315 1246 quid
332 1153 490 1243 expectis
510 1150 635 1222 amicos
653 1151 744 1245 quod
763 1157 834 1222 tute
853 1177 956 1248 agere
978 1155 1121 1247 pdssies.

606 1317 641 1387 V

169 1455 251 1528 Cum
268 1453 529 1550 spolia'generis
548 1410 758 1528 detrareritis
779 1455 902 1550 [inpie]

102 1569 144 1632 40
172 1559 279 1645 Quam
298 1561 543 1652 discriptionem
565 1557 708 1630 dabitis?

582 1725 631 1797 Vl
646 1725 664 1763 *

170 1863 297 1936 Sibulo
317 1864 483 1958 quonda'm
503 1863 646 1934 marinas
666 1864 803 1956 propter
822 1864 974 1934 adstabat
993 1864 1123 1960 plagas.

576 2031 670 2104 Vll*
1002 2040 1006 2044 ’

169 2169 309 2260 Propter
329 2173 465 2262 stagna,
488 2169 544 2239 ubi
566 2169 751 2262 lanigerum
771 2191 874 2260 pecus
896 2168 1043 2262 piscibus
1060 2169 1176 2261 pascit

102 2406 126 2455 V
156 2404 235 2455 lulius
252 2405 342 2454 Victor
359 2419 381 2453 c.
401 2404 419 2456 6
443 2421 469 2471 p.
492 2408 544 2457 224
562 2405 606 2456 Or.
639 2406 687 2455 ‘ab
708 2413 800 2455 euentu
825 2405 852 2455 in
875 2403 1009 2470 qualitate:
1040 2411 1069 2455 nt
1091 2405 1178 2469 qualia

67 2477 119 2525 sint
140 2489 170 2524 ea
191 2489 256 2538 quae
278 2482 429 2536 euenerunt,
457 2483 501 2526 ant
521 2491 587 2539 quae
607 2475 742 2525 uideantur
761 2482 896 2535 euentura,
920 2475 971 2524 tale
991 2475 1056 2525 illud
1076 2489 1177 2539 quoque

67 2545 242 2605 existimetur,
266 2559 300 2593 ex
321 2557 372 2607 quo
391 2553 537 2595 euenerunt.
567 2546 603 2595 Vt
617 2543 721 2594 Sabinis
734 2545 831 2595 Ennius
852 2543 918 2593 dixit
938 2545 985 2593 ...⁸
1018 2543 1177 2610 (Sabina-

67 2629 134 2663 rum
156 2615 242 2664 ueseio
261 2613 330 2677 quod
349 2629 450 2664 carmen
471 2623 529 2680 post
542 2614 637 2664 Maium
657 2615 690 2664 od
704 2613 755 2665 Oic.
775 2614 808 2664 de
827 2629 856 2662 re
878 2628 905 2678 p.
927 2613 951 2661 ll
973 2615 989 2664 7
1009 2613 1075 2664 tueri
1093 2613 1177 2662 studet

66 2685 148 2734 Janus
165 2683 198 2734 ad
211 2683 382 2744 Macrobium,
407 2683 468 2734 uide
481 2685 555 2734 Ennii
568 2683 622 2737 Sat.
638 2683 683 2734 lib.
697 2681 747 2747 IV)
820 2683 857 2732 Vl
875 2683 957 2732 Varro
975 2682 1007 2732 de
1026 2682 1055 2732 L.
1077 2681 1107 2732 L.
1128 2682 1176 2731 Vll

67 2753 103 2803 35
114 2753 148 2802 Μ.
164 2752 249 2818 ‘apud
263 2753 388 2802 Ennium'
407 2753 479 2818 (eni
491 2754 559 2802 Flor.
575 2754 657 2803 enirn
672 2748 770 2815 Hann.)
789 2751 906 2801 ‘subulo'
922 2767 945 2801 e.
963 2767 988 2815 q.
1006 2766 1027 2801 s.
1049 2750 1176 2800 ‘subulo

68 2824 168 2881 dictus,
190 2821 259 2884 quod
278 2823 313 2870 ita
332 2821 420 2871 dicunt
440 2823 557 2872 tibicines
570 2823 662 2881 Tusci;
687 2822 807 2886 quocirca
827 2821 928 2870 radices
948 2821 1004 2870 eius
1022 2821 1049 2870 in
1066 2819 1176 2879 Etruria,

67 2907 118 2942 non
137 2891 211 2940 Latio
225 2891 406 2954 quaerundae?
441 2891 531 2942 Festus
549 2908 576 2957 p.
592 2889 643 2942 309
656 2892 689 2941 Μ.
709 2890 842 2940 ‘subulo
860 2891 942 2940 Tusce
956 2890 1051 2941 tibicen
1070 2889 1176 2949 dicitnr;

69 2963 155 3024 itaque
174 2961 272 3010 Ennius
293 2995 314 3008 ..
326 2962 342 3010 .’
376 2961 448 3010 Hune
463 2977 566 3011 uersum
590 2976 647 3010 curn
669 2961 791 3010 Herodoti
814 2960 958 3010 narratione
972 2961 982 3008 l
998 2959 1046 3012 141
1068 2959 1177 3009 conferri

68 3031 138 3080 iubet
161 3029 196 3079 Οἱ
207 3029 354 3080 Muellerus.
388 3029 456 3080 Vide
477 3033 552 3082 etiarn
566 3029 688 3080 Rubrium
710 3029 762 3079 lab.
779 3028 810 3090 u,
835 3043 910 3092 quem
927 3028 975 3091 Tb.
994 3029 1093 3094 llugius
1110 3029 1177 3078 indi-

68 3101 137 3150 cauit
205 3099 254 3148 VII
278 3099 373 3148 Paulus
387 3099 456 3148 Festi
475 3115 501 3166 p.
517 3098 552 3150 59
568 3100 603 3149 Μ.
627 3099 764 3164 ‘Cyprio
783 3099 859 3148 boui
879 3099 1060 3148 merendam
1080 3098 1178 3148 Ennius

69 3169 189 3219 Sotadico
208 3183 286 3218 uersu
308 3183 365 3217 curn
386 3169 465 3228 dixit,
492 3169 647 3234 significauit
669 3169 697 3217 id
713 3168 782 3231 qnod
796 3168 860 3218 solet
878 3167 932 3218 lieri
949 3167 975 3216 in
995 3167 1080 3218 insula
1094 3167 1177 3233 Cypro

153 3237 224 3287 ldern
246 3252 303 3286 curn
323 3238 398 3287 dicit:
429 3241 545 3305 propter·
571 3255 594 3288 e.
619 3254 643 3300 q.
664 3253 686 3287 s.
714 3241 787 3288 ‘esse
809 3237 930 3303 paludem
952 3237 1121 3298 demonstrat,
1151 3239 1177 3287 in

70 3324 120 3372 qua
139 3314 277 3357 nascuntur
298 3308 383 3372 pisces
401 3308 499 3358 similes
518 3307 679 3368 ranunculis,
705 3321 769 3370 quos
787 3321 849 3356 oues
870 3313 1029 3357 consectatae
1048 3306 1142 3357 edunt)

73 3452 277 3465 ---

111 3552 146 3608 37
160 3549 216 3604 hoc
227 3549 316 3620 cubo,
329 3563 406 3603 corr.
415 3546 485 3604 Par.
498 3549 551 3605 hee
570 3549 631 3604 Vct.
642 3546 713 3603 Par.
723 3563 760 3603 m.
767 3564 817 3620 pr.
829 3530 855 3601 h’
868 3544 994 3601 Rottend.
1057 3539 1178 3617 arg'tum

72 3632 198 3688 Roltcnd.
291 3634 402 3703 promtu
431 3633 493 3689 Vct.
519 3634 590 3688 Por.
616 3640 775 3704 promptum
802 3630 930 3687 natac.
1021 3633 1057 3688 38
1084 3629 1179 3699 nequit

72 3717 140 3772 Par.
166 3733 232 3788 nep,
253 3715 382 3772 Rottend.
468 3723 524 3772 tute
545 3733 630 3790 agere
651 3718 762 3788 possies
780 3716 926 3771 Fraterius
948 3713 1037 3768 Veris.
1052 3711 1089 3769 ΙΙ
1099 3717 1128 3771 8.
1149 3719 1178 3766 tu

73 3817 156 3873 agere
170 3801 267 3873 possis
282 3801 357 3868 libri,
373 3803 429 3856 nisi
440 3801 514 3873 quod
527 3809 575 3857 tue
588 3817 656 3873 gere
671 3801 767 3872 possis
783 3798 910 3856 colena
995 3801 1030 3857 39
1043 3811 1087 3869 sq.
1108 3795 1177 3852 Ver-

72 3897 119 3940 sus
140 3886 265 3958 dispono
355 3887 469 3958 generis
488 3885 588 3942 Iactis.
613 3886 711 3959 generi
731 3884 821 3941 Iulitts
847 3881 940 3938 Victor
1029 3881 1104 3952 inpie
1124 3895 1178 3935 om.

73 3968 159 4026 Iuliis
178 3969 272 4026 Victor
355 3973 389 4028 41
412 3969 541 4026 adstabat
556 3970 635 4029 Flor.
656 3968 802 4025 Varronis.
819 3967 962 4022 adstrabat
977 3965 1084 4021 Festau.
1105 3969 1179 4018 asta·

74 4053 117 4108 bat
128 4056 212 4110 ceteri
227 4053 373 4110 Varronis.
385 4057 499 4111 assabat
510 4053 634 4126 Scclr'per
718 4056 819 4124 plagas
832 4050 938 4105 Festus.
950 4065 1038 4120 aquas
1057 4047 1149 4104 Varro

113 4141 148 4196 tn
168 4139 270 4209 pecus]
287 4155 377 4210 genus
399 4137 442 4192 ed.
464 4145 517 4194 cet
532 4138 595 4193 ΑΜ.
615 4139 689 4210 cub.
774 4135 867 4208 pascit
880 4131 991 4188 Monac.
1008 4133 1181 4188 ccidente!

75 4221 135 4277 libri
147 4222 177 4280 G.
191 4222 305 4278 Bortltii
316 4223 404 4292 (aaa.
416 4220 491 4278 XLI
500 4225 541 4290 8).
559 4223 684 4293 pascitur
702 4219 793 4292 ΜΓ.
810 4219 886 4292 culp.

155 4324 269 4380 Enurvs.
827 4379 834 4390 ¹
933 4311 973 4374 ll
