2784 4940
507 351 737 410 ENNIANAE
1098 361 1169 408 XLV

53 522 125 598 gius
148 519 290 580 excussit.
341 517 401 578 Sed
427 517 452 575 is
481 517 559 595 quod
585 517 699 576 nimium
727 517 854 600 conlisus
876 515 1026 576 blacrobio
1056 519 1084 577 in
1114 516 1169 577 vll

55 627 155 688 annali
177 643 280 686 uersus
302 623 453 702 adposuit,
476 641 534 682 non
562 622 659 684 laudo.
701 621 773 682 Nam
798 633 829 683 ut
853 630 942 701 poeta
971 623 1000 681 in
1027 640 1065 683 eo
1092 623 1167 683 libro

54 743 181 812 praeter
215 731 351 792 Punicum
384 727 492 788 bellurn
519 729 607 790 etiam
641 729 771 791 Gallicos
803 728 958 806 tumultus,
992 728 1028 788 de
1064 729 1168 807 quibus

54 836 199 912 Polybius
222 846 319 896 narrat
338 833 424 896 1123
446 852 532 914 sqq„
561 837 707 913 tetigerit,
733 845 828 896 tamen
851 852 936 913 quam
958 836 986 894 iu
1014 835 1065 895 illo
1087 835 1168 896 bello

55 940 134 1001 Galli
157 940 334 1002 obtinuerint
352 958 450 1026 arcem
465 959 523 1018 ego
538 941 645 1002 nullam
659 942 786 1003 inuenio.
823 941 887 1016 Qua
908 959 941 1002 re
957 941 1053 1001 lenem
1068 960 1168 1002 emen·
1202 921 1205 928 ⁴

55 1047 205 1106 dationem
217 1037 328 1107 numeri
343 1047 469 1108 adhibeo
485 1054 514 1106 et
530 1064 547 1105 e
562 1045 618 1107 Vll
633 1047 661 1106 in
676 1027 736 1108 llll
748 1046 893 1107 translatis
907 1047 1041 1108 uersibus
1058 1047 1168 1108 Romae

56 1171 158 1214 arcem
187 1171 204 1214 a
228 1152 317 1214 Gallis
339 1173 365 1218 a.
389 1173 417 1212 u.
444 1171 470 1212 o.
494 1152 555 1212 365
578 1163 750 1232 occupatam
769 1153 927 1231 significari
953 1162 1059 1214 statuo.
1104 1153 1169 1214 Nec

55 1259 156 1321 obstat
183 1259 353 1336 admodum,
377 1258 456 1336 quod
478 1257 586 1317 Ennius
611 1235 734 1320 seorsim
764 1278 780 1320 a
802 1259 882 1320 binio
905 1258 1086 1338 aliorumque
1107 1277 1167 1318 me-

54 1369 150 1426 moria
172 1367 279 1444 uigiles
301 1365 338 1426 ab
360 1363 584 1424 ascendentibus
600 1363 774 1444 Capitolium
796 1365 885 1427 Gallis
906 1367 1050 1426 cruentari
1071 1365 1167 1425 tradit.

55 1473 174 1552 Nempe
204 1472 262 1535 hoc
289 1473 356 1533 lene
376 1480 439 1547 est,
466 1479 553 1549 atque
576 1472 649 1532 alias
669 1471 824 1550 grauiores
845 1489 862 1530 a
881 1473 989 1531 ceteris
1008 1470 1092 1531 Ennii
1113 1471 1166 1532 dil·

53 1579 200 1639 ferentias
227 1578 296 1653 alibi
325 1577 482 1655 tetigimus.
542 1575 676 1658 Denique
704 1578 867 1655 fragmenta
895 1579 1005 1638 incerta
1035 1578 1100 1638 dum
1129 1578 1167 1638 de

54 1685 114 1745 boc
135 1685 213 1745 libro
232 1686 367 1760 excutio,
391 1683 448 1743 duo
471 1682 639 1759 obtigerunt
661 1683 735 1763 (inc.
757 1683 821 1744 sed.
836 1681 905 1744 Xlll
922 1693 951 1744 et
966 1683 1067 1764 xlv),
1091 1702 1166 1762 quae

53 1792 91 1851 ad
119 1791 197 1852 banc
223 1790 334 1851 Romae
359 1789 562 1850 obsessionem
590 1799 782 1858 reuocentur;
824 1807 945 1869 quorum
972 1791 1044 1853 illud
1073 1791 1167 1852 editor

53 1894 218 1975 Lipsiensis
244 1899 335 1958 sensit
352 1897 407 1958 bac
430 1894 587 1955 occasione
610 1905 677 1974 apte
699 1897 830 1976 potuisse
853 1896 964 1972 efferri,
990 1906 1092 1974 quarto
1115 1898 1166 1959 de·

52 2003 132 2060 oimo
163 2011 259 2062 autem
285 2003 430 2081 llbcrgius
460 2001 552 2060 uoluit
579 1997 730 2062 Camillum
759 2012 870 2082 patrem
900 2003 1070 2079 designari;
1109 2020 1166 2062 non

51 2109 173 2186 inepte:
206 2125 377 2188 quamquam
405 2107 546 2167 lubricum
575 2098 620 2166 est
642 2108 776 2170 iudicium
799 2109 836 2170 de
860 2126 965 2184 uersu,
998 2113 1084 2187 quem
1109 2126 1167 2186 ego

49 2213 176 2274 multum
198 2213 283 2274 abest
302 2223 333 2274 ut
353 2215 408 2274 iarn
431 2222 639 2292 perpurgatum
661 2215 794 2276 babeam.

142 2321 264 2399 Septem
283 2338 435 2395 uersuum,
460 2320 508 2398 qui
531 2337 605 2380 nunc
628 2323 786 2400 quintum
810 2321 976 2382 annalem
1000 2319 1165 2395 conficiunt,

49 2433 194 2502 quattuor
217 2425 387 2488 adferuntur
414 2426 571 2502 equium,
603 2426 656 2486 sed
686 2429 712 2486 ei
744 2429 782 2489 ita
812 2428 987 2508 comparati,
1019 2435 1050 2486 ut
1076 2441 1166 2502 aegre

51 2531 92 2591 de
124 2531 191 2590 eius
217 2531 283 2592 libri
308 2542 478 2609 argumento
508 2532 705 2592 coniecturam
734 2535 885 2612 patiantur.
931 2533 970 2593 m
990 2532 1048 2593 boo
1070 2549 1166 2590 rerum

52 2637 160 2695 ordine
188 2637 380 2716 aequabiliter
408 2638 615 2717 progrediente
644 2638 800 2716 suadetur,
831 2657 896 2699 eum
918 2638 1020 2698 librum
1042 2638 1165 2696 maxime

53 2745 82 2800 in
99 2743 312 2803 Samniticis
335 2744 453 2805 bellis
475 2753 621 2804 uersatum
636 2743 738 2804 inisse.
770 2746 853 2806 Vnde
870 2745 979 2806 certior
993 2742 1082 2803 sedes
1099 2741 1166 2802 huic

50 2849 155 2908 uersui
179 2849 334 2926 contingit,
363 2851 400 2910 de
420 2848 609 2925 Samnitibus,
641 2858 670 2909 ut
689 2849 768 2911 Acro
794 2854 822 2912 in
844 2853 915 2912 llor.
939 2850 996 2930 Ep.
1016 2849 1042 2909 ll
1065 2848 1100 2925 2,
1124 2849 1165 2910 97

51 2963 171 3031 monet,
201 2955 278 3016 elato
309 2961 406 3017 beilum
433 2962 529 3033 aequis
554 2960 682 3016 manibus
708 2979 767 3019 nou
787 2965 947 3036 intempesta
967 2960 1075 3016 diremit
1096 2952 1165 3033 (ll).

53 3062 140 3136 Quae
167 3045 411 3123 res'intustramr
440 3060 566 3121 abiuio
581 3060 651 3139 (Vll
673 3062 748 3144 33),
781 3063 820 3125 ibi
838 3064 886 3124 ubi
909 3063 946 3124 de
969 3063 1061 3144 primo
1084 3059 1165 3119 bello

52 3169 213 3228 Samnitico
239 3169 308 3229 dicit
330 3175 422 3246 itaque
440 3172 576 3242 Romami,
602 3189 664 3230 eum
687 3181 714 3230 et
726 3176 817 3246 fluere
835 3177 891 3230 ium
914 3174 1072 3230 tuentudime
1091 3174 1167 3228 uires

53 3282 192 3335 sentirent
212 3286 239 3336 et
264 3281 318 3336 diei
342 3278 420 3334 baud
445 3279 557 3334 multum
578 3294 665 3352 smper
686 3295 760 3352 esse,
785 3283 897 3338 accensi
915 3284 961 3336 iro
982 3281 1167 3336 concitantia

53 3389 83 3442 im
105 3387 217 3442 bostem
238 3394 293 3443 tum
310 3388 432 3458 primum
453 3385 561 3457 referri
573 3387 675 3458 pedem
693 3394 775 3456 atque
796 3385 927 3440 mclmori
946 3401 1005 3441 rem
1026 3388 1055 3440 im
1067 3384 1167 3458 sapam

54 3495 206 3564 apparui,-
233 3499 289 3548 ium
314 3493 394 3564 capi,
423 3491 510 3546 occidi
531 3490 656 3557 Samum
682 3510 733 3550 meo
759 3505 846 3562 smper
871 3489 991 3561 subrent
1011 3495 1101 3562 multi,
1129 3494 1168 3548 mi

55 3616 129 3655 mox
150 3600 342 3655 uictoriam
363 3599 474 3669 mopis
495 3604 596 3669 q'uam
612 3602 793 3671 proelium
813 3596 1031 3654 diremisset.
1055 3595 1114 3654 Sed
1128 3611 1165 3652 ne

56 3703 101 3760 sio
117 3699 234 3779 quidem
249 3700 319 3760 satis
336 3699 517 3760 confidenter
532 3720 615 3761 suum
632 3703 699 3764 huic
719 3705 816 3764 uersui
834 3699 932 3761 locum
946 3700 1084 3777 adsigno:
1107 3717 1165 3758 non

55 3809 148 3866 minus
169 3807 245 3865 enim
269 3808 296 3865 ei
319 3807 362 3865 rei
384 3809 520 3867 conuenit
542 3808 634 3868 altera
662 3809 792 3871 eiusdem
818 3806 889 3866 Liuii
918 3807 955 3867 de
976 3807 1063 3867 tertio
1085 3805 1165 3866 bello

54 3912 223 3973 Samnitium
234 3913 359 3971 narratio
373 3912 416 3990 (X
430 3912 501 3993 12):
518 3925 670 3990 mnarum
684 3919 789 3972 maiore
797 3924 883 3989 purte
893 3918 947 3974 diei
958 3933 1059 3989 mopno
1069 3919 1165 3972 utrim-

55 4039 109 4095 que
127 4022 227 4078 coede.-
254 4039 325 4078 mom
343 4025 511 4095 incertis,
544 4043 612 4098 quc
635 4027 716 4080 doto
738 4027 898 4080 uictoria
924 4030 1033 4092 esset,
1056 4026 1164 4078 inter-

55 4131 164 4184 uenit.
231 4124 331 4185 liebus
344 4127 507 4186 Samniticis
518 4128 607 4186 inseri
619 4128 704 4186 etiam
715 4128 836 4205 primum
850 4124 932 4184 huius
945 4124 1008 4186 libri
1020 4124 1165 4202 fragmen-

55 4240 113 4290 tum
125 4223 249 4290 uidetur.
275 4229 340 4304 Quo
353 4249 428 4309 ego,
444 4231 560 4294 lauente
575 4233 736 4292 sententiae
754 4232 834 4292 Liuio
850 4231 904 4291 Vll
917 4232 965 4308 10,
984 4230 1017 4290 Τ.
1031 4229 1165 4290 Manlium
