2784 4940
204 350 264 396 le
606 331 918 403 QVAESTIONES

205 502 330 578 Pyrrhus
358 500 427 561 dicit
453 502 516 561 siue
538 497 662 574 Cineas,
693 499 844 558 uictoriam
866 497 980 558 scilicet
1000 495 1232 558 Heracleensem
1261 513 1319 554 non

205 609 296 668 luisse
319 607 487 680 uictoriam,
511 605 645 684 quoniam
666 602 787 663 Romani
804 623 837 664 se
855 606 950 664 uictos
972 622 1029 662 non
1050 602 1222 662 faterentur.

290 712 392 772 Asculi
419 730 544 791 pugnam
567 729 650 770 unum
672 709 816 786 siguificat
840 708 973 768 iudicium
997 709 1033 768 de
1056 707 1166 782 Decio,
1196 716 1228 766 ut
1249 709 1317 768 milri

206 823 298 880 uisum
319 828 381 895 est,
407 825 533 896 nepote,
564 816 612 893 qui
635 815 711 893 apud
726 813 848 874 Ennium
874 817 964 893 patris
986 816 1090 894 auique
1109 814 1249 892 exemplo
1275 814 1318 872 dis

206 925 336 986 manibus
364 943 398 984 se
428 922 590 983 deuouerit.
636 919 727 994 Quam
757 938 818 980 rem
844 930 942 981 notum
970 929 1016 979 est
1042 920 1161 980 anullo
1189 923 1317 999 scripto·

207 1047 240 1088 re
263 1030 417 1088 memorari
446 1037 564 1108 praeter
586 1024 759 1088 Ciceronem
785 1024 920 1103 (Tusci
941 1023 1000 1099 37,
1024 1024 1072 1084 89.
1096 1026 1132 1086 de
1156 1027 1205 1086 lin.
1232 1027 1263 1086 b.
1290 1036 1318 1085 et

207 1153 244 1192 m.
262 1132 363 1209 1119,
386 1135 436 1196 61:
454 1135 492 1194 ci.
516 1133 705 1194 Freinshemii
726 1132 876 1211 Supplem.
899 1130 969 1189 Liuii
985 1128 1025 1190 lll
1042 1130 1115 1211 42):
1140 1151 1229 1211 quem
1248 1133 1316 1192 Nie-

146 1263 153 1274 ·
208 1239 326 1299 buhrius
347 1239 419 1300 Hist.
440 1240 523 1302 llom.
541 1239 581 1300 lll
604 1238 666 1298 592
689 1256 829 1316 perquam
849 1235 1040 1315 probabiliter
1062 1257 1126 1298 eam
1147 1243 1316 1300 memoriam

208 1363 247 1404 ex
259 1344 343 1404 Ennii
365 1347 516 1407 annalibus
538 1347 671 1407 hausisse
691 1344 854 1405 arbitratur.
892 1341 930 1400 Vt
945 1341 1016 1401 nihil
1032 1343 1130 1403 obstet
1150 1348 1317 1423 quominus

207 1448 259 1508 has
280 1468 387 1530 preces
408 1471 480 1531 quas
502 1452 536 1511 lr.
557 1450 653 1512 XVlll
674 1451 767 1510 relert
788 1449 873 1509 Decii
894 1465 962 1508 esse
980 1449 1185 1510 existimemus.

294 1556 416 1618 Restant
436 1559 489 1618 tria
508 1559 669 1636 fragmenta
688 1555 782 1633 (xlx.
806 1555 870 1615 XX.
894 1553 995 1633 xxi),
1016 1573 1092 1634 quae
1106 1556 1172 1616 lere
1187 1575 1249 1617 non
1267 1561 1315 1619 dn-

208 1661 269 1721 bito
293 1665 361 1741 quin
383 1681 400 1721 e
418 1663 506 1722 rebus
522 1664 557 1723 ad
572 1663 767 1722 Beneuentum
783 1663 875 1739 gestis
891 1661 1063 1739 deprompta
1080 1662 1145 1720 siut.
1180 1664 1226 1724 lta
1243 1668 1315 1724 enim

210 1764 379 1826 Plutarchus
395 1768 431 1828 de
446 1769 556 1843 Pyrrho
572 1771 608 1829 ad
627 1778 722 1830 castra
737 1768 865 1828 Romana
880 1765 1087 1846 proficiscente
1104 1785 1132 1826 c.
1148 1768 1206 1828 25:
1231 1766 1316 1832 σπεύ-

210 1868 272 1929 δων
292 1856 348 1930 οὖν
369 1863 521 1954 ὃΠύρρος
543 1871 703 1934 ἐπιθέσθαι
717 1867 838 1947 τούτοις,
860 1870 931 1953 πρὶν
946 1870 1075 1943 ἐκείνους
1092 1861 1241 1950 έπελθεῑν,
1264 1867 1315 1935 ἅν-

210 1974 282 2054 ὃρας
305 1997 335 2036 τε
362 1968 430 2051 τοὺς
458 1979 628 2059 κρατίστους
653 1977 704 2038 καὶ
730 1981 790 2038 τῶν
810 1978 927 2059 θηρίων
947 1967 983 2038 τοι
1005 1971 1194 2056 μαχιμώτατα
1217 1971 1316 2058 λαβὼν

211 2103 348 2153 νυκτος
368 2075 536 2162 ὥρμησεν
557 2075 619 2148 ἐπὶ
646 2074 684 2145 τὸ
706 2077 971 2164 στρατόπεδον.
1013 2075 1153 2165 περιϊόντι
1179 2081 1213 2143 δέ
1235 2075 1314 2168 αὐτῷ

210 2181 330 2266 μακρὰν
355 2187 406 2249 καὶ
434 2183 660 2264 tonstreinum
685 2181 757 2252 ὁδὸν
783 2181 853 2252 οὐκ
882 2179 1035 2268 ἆντέσχε
1062 2178 1104 2249 τὰ
1128 2191 1232 2266 φῶτα
1267 2187 1315 2248 καὶ

209 2283 320 2353 πλάναι
351 2299 411 2368 τοῖς
440 2290 629 2376 στρατιώταις
655 2295 827 2374 συνέτυχον·
859 2293 911 2354 καλ
937 2294 1004 2376 περὶ
1036 2298 1127 2356 ταῦτα
1159 2295 1315 2374 γινομένης

211 2396 363 2475 διατριβῆς
384 2392 404 2478 ἥ
430 2421 466 2460 τε
491 2391 556 2476 νὺξ
577 2400 725 2463 ἐπέλιπε
747 2399 809 2461 καλ
824 2385 1105 2494 καταφανὴςιῆν
1120 2391 1180 2478 fip’
1198 2392 1314 2485 ἡμέρᾳ

210 2506 290 2574 τοῖς
317 2506 515 2582 πολεμίοις
537 2497 790 2590 ἐπερχόμενος
812 2496 884 2566 dul
904 2509 975 2566 cciv
998 2499 1138 2588 έλυρων,
1167 2499 1240 2566 ὥστε
1259 2505 1314 2568 bd

212 2610 304 2688 ρυβυν
325 2602 420 2672 πολὺν
442 2610 493 2671 καὶ
518 2613 635 2691 κίνησιν
653 2614 822 2690 παρασχεῖν.
868 2609 912 2672 of.
934 2611 1110 2674 Niebuhrius
1131 2613 1206 2673 llist.
1231 2613 1312 2672 Rom.

209 2714 251 2774 lll
271 2715 342 2778 608.
386 2715 422 2776 Εἰ
441 2717 586 2778 Plutarchi
602 2719 757 2777 narrationi
776 2734 833 2775 uon
849 2717 945 2778 babeo
964 2721 1041 2798 quod
1060 2720 1094 2780 ad
1113 2720 1311 2778 commendan-

211 2823 275 2881 dam
301 2822 416 2881 illorum
437 2841 573 2881 uersuum
605 2823 836 2883 conlocationem
865 2833 913 2882 aut
942 2842 1059 2884 sensum
1089 2842 1189 2883 eorum
1220 2827 1309 2904 aperi-

211 2926 314 2986 endum
352 2926 483 2986 adiciam,
540 2926 571 2985 ln
604 2937 735 2987 extremo
769 2927 843 2986 libro
874 2928 952 2988 illam
990 2948 1006 2988 a
1035 2927 1180 2989 Cicerone
1214 2931 1251 2990 de
1280 2949 1308 2990 re

211 3031 328 3110 publica
354 3030 395 3090 lll
422 3031 457 3106 3,
489 3033 661 3092 titraditam
687 3032 730 3093 Μ’
761 3031 840 3092 Curii
868 3034 982 3095 laudem
1006 3037 1153 3112 egregiam
1180 3037 1308 3115 adposui,

210 3155 267 3196 nou
294 3136 515 3216 inprobabiliter
542 3140 663 3216 opinor,
693 3141 717 3198 si
746 3157 843 3199 rerum
871 3140 898 3197 iu
927 3150 1057 3198 extremo
1085 3141 1208 3200 maxime
1234 3141 1308 3201 bello

210 3262 225 3304 a
251 3240 339 3302 Curio
361 3250 508 3320 gestarum
530 3252 559 3302 et
580 3243 742 3303 ubertatem
764 3253 793 3303 et
813 3244 1003 3320 granditatem
1027 3247 1180 3328 respicias.
1225 3246 1309 3306 Extu-

211 3351 278 3410 lerit
305 3350 392 3426 igitur
416 3350 494 3409 illum
519 3368 635 3408 uersum
657 3349 766 3409 Ennius
788 3351 836 3408 uel
859 3351 886 3410 in
910 3349 1072 3410 enarrando
1096 3350 1231 3429 triumphi
1253 3354 1310 3410 eius

210 3473 268 3533 quo
292 3460 367 3514 ‘nou
391 3454 539 3534 pulchrior
559 3456 634 3515 ullus
653 3465 701 3516 aut
723 3456 887 3534 speciosior
909 3458 938 3515 in
957 3435 1057 3515 urbem
1076 3455 1207 3514 intrauit'
1232 3456 1310 3534 (Flo-

210 3580 259 3620 rus
277 3561 355 3640 Epit.
372 3561 384 3621 l
403 3560 439 3620 13
465 3580 492 3639 p.
510 3561 550 3622 25
566 3547 665 3640 Jahn.)
689 3562 846 3640 splendore
868 3581 903 3622 ac
924 3561 1147 3638 magnificentia.
1185 3560 1231 3622 Ac
1250 3563 1311 3623 duru

209 3670 336 3728 uirorum
364 3668 412 3746 qui
441 3665 498 3725 hoc
523 3666 603 3726 bello
632 3665 797 3726 claruerunt
824 3669 880 3727 tam
905 3669 982 3727 domi
1006 3666 1211 3744 praestantiam
1231 3686 1311 3744 quam

208 3772 325 3832 militiae
352 3774 486 3832 uirtutem
514 3771 651 3830 aduecto:
686 3773 735 3832 uel
768 3773 894 3833 Fabricii
925 3775 1104 3849 memineris,
1142 3773 1210 3848 ‘qui
1243 3773 1310 3833 dilli-

180 3878 292 3950 ,cilius
328 3878 364 3938 ab
406 3878 507 3936 itinere
544 3878 610 3935 iusti
650 3887 679 3937 et
717 3878 831 3938 bonesti
873 3898 958 3957 quam
994 3899 1010 3939 a
1048 3897 1133 3938 cursu
1171 3895 1224 3936 suo
1270 3879 1311 3938 sol

209 3983 300 4040 auerti
330 3983 440 4060 potuit'
467 3992 496 4042 et
524 3984 586 4042 eius
608 4003 687 4059 quem
708 4004 786 4044 nemo
805 3989 886 4061 ferro
909 4005 960 4045 nec
982 4007 1052 4045 auro
1073 4003 1212 4060 superare
1227 3991 1313 4060 potuit

210 4085 405 4165 aliorumque:
438 4088 570 4149 ‘illorum
594 4095 756 4166 temporum
785 4092 915 4168 speciem
945 4090 1095 4168 amplexus
1119 4091 1213 4149 animo
1234 4076 1310 4150 uide·

209 4199 254 4249 tur
281 4199 385 4269 potita,
414 4211 477 4252 cum
506 4199 624 4254 moribus
648 4201 770 4272 utrasque
797 4201 915 4272 antiquas
942 4214 1001 4254 rem
1028 4200 1185 4256 Romanam
1211 4205 1311 4258 stetisse
