2784 4940
487 373 716 430 ENNIAHAE
1066 387 1156 434 Ixm

42 539 96 600 Cf.
120 539 218 598 Liuius
240 537 322 598 XXII
339 538 379 598 44
401 542 447 596 ille
469 536 607 615 (Paulus)
628 543 655 596 si
679 538 746 613 qnid
765 541 899 610 proiectis
925 557 960 596 ae
978 545 1098 615 pradilis
1118 548 1158 602 ad

40 653 232 708 inconsultam
250 654 331 720 atque
349 647 524 718 improuidam
540 661 665 716 paenam
687 645 834 714 teyionibus
855 646 1004 715 accideret,
1025 663 1056 703 se
1070 654 1156 706 omnis

42 757 153 826 cnlpae
180 760 319 810 exsortem
340 753 428 806 omnis
449 757 561 804 euentus
585 752 753 822 participem
778 749 843 821 sore
869 751 980 806 diceret.
1023 749 1079 809 Vbi
1101 751 1156 812 iad

44 859 77 914 in
107 872 147 914 eo
182 864 227 914 est
263 862 293 911 ut
316 869 416 910 manus
454 859 627 926 conserant,
662 849 804 910 Hannibal
835 851 1004 913 cohortatur
1034 855 1155 917 milites:

43 961 181 1039 praemia
215 958 385 1037 promittens
419 956 545 1034 Poenis,
584 958 712 1016 externis
747 956 892 1016 ciuitatem
926 956 995 1038 (X).
1041 961 1156 1040 Sequor

44 1066 127 1124 enim
158 1066 186 1124 in
209 1082 249 1132 ea
266 1081 298 1123 rc
314 1062 436 1122 eundem
448 1062 549 1122 Silium
564 1061 605 1122 IX
617 1061 693 1124 209:
716 1070 764 1138 qni
776 1083 843 1123 aero
859 1074 975 1123 externo
990 1073 1079 1127 sonas
1092 1074 1159 1129 mihi

42 1177 186 1247 sanquine
205 1175 316 1246 Byrsae
344 1173 429 1245 Siqua
457 1189 562 1243 moues,
589 1176 718 1230 dextram
747 1171 869 1226 Ausonia
897 1175 924 1228 si
945 1179 1030 1232 caete
1056 1195 1156 1234 maen·

44 1283 252 1349 samareites,
284 1279 347 1334 hine
374 1281 429 1332 iam
456 1280 525 1332 eicis
548 1279 722 1351 Carthapinis
747 1285 817 1345 esto,
847 1292 910 1333 cum
931 1275 1028 1338 Liuius
1055 1279 1158 1339 similia

45 1385 197 1463 promissa
220 1379 372 1459 perhibeat
386 1377 575 1438 Hannibalem
596 1398 661 1440 cum
683 1379 719 1440 ad
741 1380 869 1440 Ticinum
893 1399 1018 1460 pugnam
1041 1394 1157 1464 pararet

45 1491 182 1551 edidisse
195 1485 280 1568 (XXI
295 1486 368 1565 45);
393 1491 536 1544 Hannibal
557 1530 611 1546 ...
630 1494 734 1547 neentis
752 1493 954 1548 edocationem
975 1498 1051 1546 cerlo
1069 1507 1156 1564 prae-

43 1605 106 1656 mia
124 1601 288 1671 pronuntiat
380 1598 428 1668 qai
450 1596 586 1650 sociorum
607 1598 681 1651 ciues
703 1597 944 1670 Carthaginienses
964 1598 1030 1668 fieri
1050 1599 1157 1667 uellent,

38 1711 210 1779 potestatem
230 1703 381 1774 saetarum.
958 1737 962 1744 ·

137 1805 312 1883 Depingitur
342 1804 433 1882 ipsius
456 1803 620 1874 certaminis¹
645 1802 730 1862 labor
758 1802 825 1882 (Xl.
845 1802 909 1864 Xll.
931 1800 1026 1880 Xlll).
1071 1800 1157 1860 Nolui

46 1916 127 1974 baec
157 1911 318 1986 lragmenta
349 1909 474 1985 diiungi:
506 1927 677 1989 quamquam
698 1912 760 1970 eius
789 1911 866 1970 modi
892 1927 995 1971 uersus
1024 1911 1052 1968 in
1080 1909 1159 1969 nulla

47 2037 152 2101 pugna
175 2017 271 2077 locum
293 2012 403 2074 babere
427 2032 485 2074 non
509 2024 645 2093 possunt:
676 2025 705 2075 ut
728 2035 801 2076 unus
826 2016 873 2077 uel
898 2017 971 2076 alter
997 2033 1097 2076 eorum
1123 2013 1159 2073 ad

46 2126 165 2184 relicua
188 2139 263 2200 quae
285 2120 342 2180 hoc
365 2119 439 2179 libro
462 2121 649 2182 narrabantur
671 2122 784 2202 proelia
806 2123 964 2201 pertineat:
994 2123 1062 2201 quin
1083 2121 1158 2181 adeo

47 2231 163 2291 nullum
186 2229 314 2288 sortasse
336 2227 402 2286 huic
427 2227 503 2289 cladi
526 2239 607 2289 recte
628 2231 785 2308 ascriptum
807 2229 853 2288 sit.
899 2228 959 2290 Sed
985 2229 1052 2288 uide
1082 2227 1157 2286 eius·

46 2340 119 2398 dem
140 2336 232 2396 cladis
255 2331 332 2409 apud
344 2332 444 2392 SilIum
455 2333 497 2394 lX
511 2335 569 2395 311
593 2355 658 2414 sqq.
687 2319 922 2412 descriptionem.
948 2389 952 2397 .

139 2441 173 2500 ln
193 2439 288 2500 medio
312 2453 426 2514 pugnae
449 2441 566 2518 ardore,
595 2461 658 2501 eum
679 2442 733 2500 iam
756 2441 878 2500 uictoria
896 2440 932 2499 ad
954 2439 1071 2500 Poenos
1093 2457 1158 2498 uer·

45 2557 157 2626 geret,
178 2551 267 2624 poeta
294 2543 415 2603 deorum
437 2561 607 2606 consessum
635 2546 786 2626 expandit:
820 2544 890 2604 luno
918 2548 1020 2606 satiata
1046 2547 1160 2606 tandem

48 2653 219 2715 calamitate
244 2652 401 2710 inuisorum
424 2652 481 2730 ipsi
498 2650 692 2712 Romanorum
714 2672 747 2714 se
769 2653 921 2713 fautricem
945 2653 989 2710 eis
1009 2652 1037 2710 in
1059 2660 1158 2730 poste·

47 2760 205 2847 rumliore
228 2759 396 2837 profitetur:
423 2774 458 2816 ac
487 2756 633 2836 luppiter,
669 2768 808 2820 exoratus
836 2759 963 2817 sortasse
992 2756 1158 2830 avenne,

48 2867 197 2947 promittit
209 2865 345 2924 Romanis
361 2863 505 2923 excidium
520 2861 702 2942 Carthaginis
715 2865 809 2944 (XIV.
826 2864 907 2945 XV).
932 2862 977 2923 Gi.
994 2881 1023 2942 p.
1036 2860 1159 2922 XXXIII

48 2983 83 3032 et
106 2973 208 3032 Silium
229 2971 270 3032 lX
292 2970 353 3030 535
376 2987 441 3048 sqq.

140 3076 290 3144 Victoriae
318 3079 444 3137 nuntium
477 3077 563 3154 Mago
596 3075 799 3153 Cartbaginem
828 3077 939 3154 adfert,
974 3094 1032 3157 quo
1062 3077 1159 3136 laesis·

50 3187 127 3244 sima
154 3201 288 3264 quaeque
321 3185 449 3244 incuria
474 3183 510 3242 de
534 3181 699 3242 Hannibalis
725 3184 855 3244 uictoriis
882 3185 1083 3262 pronuntiante
1104 3184 1158 3261 (ci.

49 3292 152 3350 Liuius
186 3289 282 3350 XXIII
310 3290 364 3371 12)
397 3292 497 3352 Hanno
527 3290 698 3349 sententiam
726 3299 845 3366 rogatus
884 3309 941 3350 non
974 3292 1088 3352 desisse
1120 3292 1160 3350 ait

52 3397 209 3475 paenitere
228 3415 261 3456 se
284 3396 371 3475 belli,
394 3398 473 3477 qubd
495 3373 611 3476 quidem
632 3403 689 3454 tam
707 3397 848 3474 integrum
869 3398 996 3458 habeant
1017 3415 1101 3477 quam
1123 3413 1159 3454 eo

53 3504 103 3562 die
127 3518 184 3579 quo
202 3501 343 3564 Hannibal
364 3505 391 3562 in
407 3503 519 3564 ltaliam
534 3511 734 3578 transgressus
751 3506 788 3563 sit
810 3503 923 3581 (Liuius
945 3505 964 3562 l.
980 3503 999 3562 l.
1022 3501 1070 3561 12.
1093 3502 1158 3579 13).

54 3607 169 3680 Quodsi
191 3607 299 3668 Ennius
323 3625 439 3686 quoque
461 3609 587 3688 aliquem
608 3609 776 3669 Hannonem
804 3611 832 3667 in
855 3626 924 3667 suos
947 3607 1065 3667 annales
1088 3608 1159 3664 iutu-

54 3715 142 3788 lerat,
155 3715 184 3772 in
195 3715 257 3772 eius
267 3723 391 3774 mentem
404 3715 536 3774 uidentur
547 3716 753 3794 percommode
766 3715 908 3793 quadrare
920 3713 1009 3773 baec:
1023 3719 1161 3788 qaiatneit

54 3842 112 3880 reon
135 3830 175 3879 est
196 3829 284 3881 nietor
300 3829 355 3880 nisi
373 3829 461 3881 uictas
481 3826 587 3898 fatetur
605 3823 677 3900 (inc.
699 3820 761 3880 sed.
779 3819 889 3880 XXXV
906 3820 959 3879 sed
979 3819 1017 3878 cl.
1034 3837 1063 3897 p.
1080 3816 1159 3894 LIII)

56 3935 86 3984 et
99 3931 164 3986 dam
177 3933 283 4002 quietem
294 3948 366 3986 unas
377 3933 456 3988 homo
468 3933 677 4003 Romanastoqa
690 3933 843 4003 superescit
855 3926 926 4003 (inc.
943 3923 996 3983 sed
1010 3911 1159 4001 XXXVl)ss

144 4031 226 4105 Quae
250 4032 362 4093 cladem
373 4031 554 4093 Cannensem
567 4034 699 4111 proxime
720 4041 821 4092 secuta
838 4041 913 4106 sunt,
934 4047 969 4089 ea
980 4029 1087 4088 Ennius
1104 4045 1162 4088 non

55 4139 182 4198 seorsim
205 4138 318 4198 aLiuio
342 4140 455 4200 uidetur
478 4157 623 4200 narrasse.
656 4136 739 4198 XXll
754 4138 814 4197 50:
848 4142 916 4196 binis
933 4143 960 4196 in
980 4141 1080 4194 castris
1100 4157 1161 4196 enm

55 4250 198 4306 multitado
222 4251 373 4304 semiermis
398 4251 457 4304 sine
482 4251 595 4304 danitas
621 4255 706 4317 esset,
734 4251 858 4304 nantium
884 4251 932 4318 qni
956 4249 985 4300 in
1014 4247 1161 4302 maioribus
