2796 4948
468 355 708 424 RELIQVIAE
1084 347 1144 414 17³

566 523 613 592 Xl

135 654 309 725 Nemeum
334 656 439 722 terras
464 653 630 738 circuiret,
660 651 744 721 utin
768 673 1006 745 quamcumque
1024 652 1143 744 regio·

35 781 108 826 nem
132 759 285 836 uenerat,
320 778 420 846 reges
448 755 654 846 principesue
680 754 878 846 populorum
908 755 1052 846 hospitio
1081 754 1142 824 sibi

36 865 68 929 et
85 860 224 928 amicitia
243 858 418 948 copulabat
440 861 564 926 etcum
583 882 603 928 a
623 879 755 951 quoque
773 854 1018 950 digrederetur,
1045 857 1143 926 iube·

37 963 89 1031 bat
106 962 179 1052 sibi¹
191 963 303 1030 fanum
322 961 424 1030 creari
447 960 587 1051 hospitis
607 962 658 1031 sui
678 960 824 1046 nomine,
853 961 946 1054 quasi
964 961 1010 1030 ita
1026 963 1142 1050 posset
1161 974 1201 1035 50

37 1065 192 1134 amicitiae
224 1066 256 1132 et
281 1063 424 1156 foederis
447 1063 600 1132 memoria
627 1063 827 1132 conseruari.
880 1061 936 1132 Sic
965 1063 1142 1132 constituta

36 1169 110 1235 sunt
145 1165 267 1255 templa
300 1165 369 1236 loui
398 1167 576 1250 Ataburio,
611 1166 679 1235 loui
710 1165 904 1235 Labrandio.
960 1165 1142 1235 Ataburius

37 1270 119 1337 enirn
140 1272 172 1338 et
193 1269 397 1337 Labrandius
417 1267 566 1358 hospites
589 1269 661 1337 cius
683 1272 782 1362 atque
798 1268 974 1362 adiutores
999 1269 1032 1336 in
1055 1268 1141 1338 bello

37 1374 176 1440 luerunt.
229 1369 307 1440 Item
336 1369 405 1439 loni
427 1370 564 1460 Laprio,
602 1371 671 1441 loui
698 1369 848 1455 Molioni,
883 1369 953 1439 loui
980 1369 1077 1439 Casio
1110 1375 1143 1439 et

38 1497 119 1566 quae
144 1477 222 1543 sunt
249 1474 281 1542 in
304 1474 444 1542 eundem
470 1473 612 1542 modum.
655 1473 751 1556 Quod
777 1472 831 1542 ille
855 1472 1057 1542 astutissime
1077 1495 1141 1548 err-
1158 1493 1199 1553 55

37 1577 208 1668 cogitauit,
242 1579 278 1644 ut
305 1579 338 1644 et
361 1575 421 1644 sibi
449 1575 608 1645 bonorem
634 1575 779 1644 diuinum
807 1580 839 1644 et
861 1574 1046 1665 hospitibus
1071 1575 1141 1644 suis

39 1683 230 1769 perpetuum
265 1699 384 1747 nomen
416 1679 600 1770 acquireret
626 1701 699 1748 curn
728 1677 888 1770 religione
919 1677 1141 1748 'coniunctum
1248 1701 1252 1718 ·

38 1779 230 1850 Gaudebant
250 1802 334 1872 ergo
352 1780 398 1850 illi
420 1784 453 1849 et
475 1781 550 1850 hine
567 1780 703 1871 imperio
724 1781 796 1850 eius
814 1781 952 1850 libenter
974 1781 1143 1875 obseque-

38 1886 153 1952 bantur
171 1887 203 1952 et
225 1883 365 1953 nominis
382 1882 434 1952 sui
456 1883 564 1976 gratia
584 1884 665 1952 ritus
683 1906 813 1953 annuos
836 1885 972 1952 etlesta
993 1882 1144 1953 celebra-

39 1988 122 2056 bant.
172 1986 284 2056 Simile
313 1985 465 2078 quiddam
491 1985 524 2054 in
545 1985 655 2055 Sicilia
684 1986 760 2055 lecit
782 1987 933 2069 Aeneas,
962 2008 1035 2055 curn
1058 2009 1143 2056 con·
1160 2007 1200 2068 60

39 2090 121 2158 ditae
158 2089 232 2157 urbi
264 2089 407 2158 Acestae
444 2088 584 2178 hospitis
619 2111 739 2158 nomen
778 2089 951 2178 imposuit,
997 2092 1035 2156 ut
1070 2111 1142 2158 earn

39 2192 246 2281 postmodum
272 2190 379 2260 laetus
397 2213 436 2259 ac
457 2190 562 2260 libens
586 2193 726 2261 Acestes
749 2191 901 2284 diligeret
923 2194 1062 2283 augeret
1084 2214 1144 2260 or-

40 2299 138 2363 naret.
181 2294 253 2362 Hoc
276 2294 374 2362 modo
393 2293 586 2384 religionem
611 2294 718 2363 cultus
747 2295 799 2362 sui
821 2315 881 2385 per
905 2294 1017 2363 orbem
1036 2297 1144 2362 terrae

40 2396 181 2488 luppiter
195 2396 368 2465 seminauit
386 2398 419 2464 et
437 2396 625 2488 exemplum
643 2397 760 2466 ceteris
779 2397 819 2465 ad
838 2396 1026 2465 imitandum
1045 2396 1142 2464 dedit.

485 2535 486 2538 ¹
560 2544 621 2616 XII

139 2671 265 2743 Deinde
287 2670 432 2766 luppiter
452 2681 628 2771 postquam
655 2674 850 2771 quinquiens
873 2679 978 2747 terras
998 2676 1144 2748 circuinit
1163 2693 1203 2754 65

41 2777 255 2867 omnibusque
290 2779 402 2847 amicis
436 2783 536 2872 atque
572 2781 724 2873 cognatis
759 2779 829 2849 suis
865 2781 1001 2871 imperia
1035 2782 1146 2851 diuisit

41 2880 233 2972 reliquitque
266 2878 452 2951 hominibus
490 2883 585 2976 leges
615 2903 724 2953 mores
758 2885 984 2976 frumentaque
1016 2885 1145 2973 parauit

41 2982 205 3074 multaque
239 2979 305 3052 alia
343 2981 430 3054 bona
466 2985 541 3055 lecit
574 2986 746 3057 immortali
782 2986 892 3078 gloria
925 2987 1145 3080 memoriaque

42 3211 102 3258 qnae
116 3195 191 3246 dicit:
212 3211 247 3244 ea
267 3199 482 3262 tempestate'
511 3214 533 3247 e.
548 3209 610 3261 q.'s.
683 3198 719 3248 x1
741 3197 888 3250 Lactantius
901 3199 960 3250 Diu.
975 3202 1036 3250 lust.
1053 3201 1098 3254 lc.
1112 3203 1146 3252 22

42 3265 158 3315 ‘historia
177 3280 239 3314 uero
260 3281 333 3314 sacru
349 3274 455 3317 testatur
472 3268 558 3332 ipsum
575 3269 674 3330 Ionem,
690 3276 824 3334 postquam
839 3285 922 3319 rernm
939 3271 1034 3334 potitus
1049 3279 1100 3330 est,
1120 3273 1146 3319 in

42 3341 132 3384 tantam
149 3334 312 3384 insolentiam
332 3337 447 3397 uenisse,
472 3343 500 3385 ut
518 3337 575 3402 ipse
593 3338 644 3386 sibi
663 3337 723 3387 fana
742 3339 829 3388 multis
847 3340 873 3387 in
892 3339 955 3388 locis
974 3341 1145 3390 constitueret.

42 3404 112 3453 Nam
125 3403 207 3453 eum'
224 3419 246 3452 e.
264 3420 288 3466 q.
303 3420 325 3452 s.
346 3406 417 3455 ‘siue
434 3406 513 3471 igitur
526 3421 541 3454 a
554 3406 687 3466 Melissea,
707 3409 772 3456 sicut
785 3407 910 3472 Didymus
925 3409 1044 3468 tradidit,
1062 3409 1146 3458 colen-

43 3473 128 3522 dorum
150 3473 256 3522 deorum
274 3475 338 3522 ritus
356 3473 469 3534 cllluxit,
489 3476 544 3524 siue
558 3477 588 3524 ab
603 3477 661 3540 ipso
675 3491 775 3539 quoque
789 3479 862 3536 lone,
882 3485 910 3524 ut
922 3477 1094 3537 Euhemerus,
1114 3477 1146 3526 de

42 3549 153 3606 ternpore
165 3549 251 3591 tamen
270 3545 380 3592 conetat'
403 3559 425 3592 e.
442 3560 466 3606 q.
483 3559 503 3592 s.
533 3543 572 3594 Cf.
587 3545 704 3610 Epitome
717 3561 739 3594 c.
754 3548 788 3595 24
857 3545 904 3594 Xll
923 3545 1070 3594 Lactantius
1085 3547 1144 3594 Diu.

43 3612 98 3660 lnst.
118 3615 128 3660 Ι
144 3627 165 3664 o.
181 3611 211 3660 tr
234 3611 344 3661 ‘Ennius
364 3614 390 3662 in
406 3628 479 3662 sacra
494 3613 601 3663 historia
620 3615 755 3679 descriptis
776 3615 893 3664 omnibus
911 3615 1015 3677 quaein
1029 3617 1083 3663 uita
1100 3630 1147 3664 sua

43 3681 130 3744 gessit'
150 3677 293 3746 (luppiter)
313 3681 361 3730 ‘ad
379 3682 496 3731 ultimum
515 3684 553 3732 aio
572 3684 620 3732 ait:
641 3684 768 3733 deinde’
791 3699 813 3733 e.
833 3698 857 3746 q.
878 3699 898 3732 s.
934 3684 1002 3733 ‘Hoc
1015 3691 1082 3733 certe
1096 3699 1145 3733 nou

44 3753 130 3812 poetae
150 3750 266 3810 tradunt,
291 3751 338 3799 sed
357 3752 517 3814 antiquarum
537 3767 621 3802 rerum
641 3753 796 3818 scriptores!
835 3752 874 3803 Ol.
896 3753 1013 3818 Epitome
1035 3769 1057 3802 c.
1079 3753 1111 3804 13

43 3897 248 3910 ψ

83 4001 117 4054 52
137 3993 272 4048 Ataburio
293 3993 358 4064 aliq.
380 3993 451 4048 libri.
469 3992 605 4066 Atabyrio
622 3995 713 4068 nubo.
734 3995 860 4050 Atauirio
883 3995 932 4050 atii
951 3996 1014 4051 libri
1096 3996 1146 4050 La-

45 4079 158 4134 brandio
169 4078 248 4132 multi
257 4083 282 4130 et
292 4076 354 4131 boni
364 4077 433 4132 libra
448 4078 586 4134 Labradio
597 4095 669 4134 unua
680 4079 749 4151 Περ.
765 4077 920 4134 Labiandro
931 4081 978 4136 uel
990 4080 1145 4136 Labriando

46 4164 86 4216 uel
105 4160 277 4217 Labriandro
296 4161 345 4214 ulii
363 4160 427 4238 libri
509 4167 544 4220 54
567 4161 649 4218 Casio
673 4165 726 4218 duo
739 4165 912 4218 uetustissimi
924 4163 994 4236 Ray.
1009 4180 1072 4239 cum
1086 4165 1148 4240 otiis

46 4242 126 4302 libris.
143 4245 243 4302 Cassio
261 4246 325 4316 aliq.
343 4243 408 4299 libri
421 4261 479 4303 rec.
493 4253 519 4302 et
533 4248 634 4302 mattae
651 4248 713 4304 edd.
