2784 4940
199 344 246 390 nu
587 329 903 402 QVAESTlONllS

200 498 357 560 llomanarn
377 505 603 559 sustentaturum
626 495 778 574 gloriatur.
824 498 937 573 sorori,
963 515 1038 577 quae
1059 498 1212 564 Horatium
1234 505 1328 564 redu·

98 655 105 664 .
202 626 266 669 cern
293 607 330 668 de
361 621 472 686 sponso
502 603 603 664 occiso
632 601 718 665 dictis
747 603 884 682 corripit,
924 605 1025 664 nescio
1053 623 1089 666 an
1114 607 1188 666 baec
1228 608 1329 668 uerba

202 718 291 790 replet
312 723 337 774 te
358 717 504 788 iustificam
527 731 583 787 pau
608 709 682 786 (inc.
706 707 769 768 sed.
792 708 862 789 Vll)
887 711 1070 770 conueniant.
1108 710 1257 789 Apertius
1279 732 1328 772 re-

204 817 396 898 spondentem
418 817 566 878 Horatium
587 813 712 894 produnt
734 813 769 874 ir.
792 813 842 875 Xl.
860 805 937 893 XII,
961 833 1084 894 quorum
1107 815 1202 878 altero
1230 837 1329 898 spon-

203 943 266 986 sum
288 925 337 1002 qui
361 941 418 984 non
435 921 580 984 recusarit
593 929 740 982 certamen
755 939 809 982 suo
825 921 946 984 arbitrio
961 923 1122 1001 cecidisse,
1144 924 1250 985 altero
1267 927 1330 986 sibi

202 1031 359 1094 taliadicta
384 1031 411 1090 in
433 1037 491 1090 tam
514 1026 666 1106 splendida
687 1027 810 1088 uictoria
832 1027 983 1090 toleranda
1006 1046 1064 1090 non
1076 1049 1143 1090 esse
1156 1031 1232 1090 edit.
1269 1030 1328 1092 Ga·

204 1137 272 1216 pitis
292 1136 444 1198 damnatur
465 1135 601 1196 lloratius
622 1151 657 1194 ac
679 1133 778 1211 grands
802 1134 877 1194 inter
899 1145 1010 1214 patrem
1033 1145 1064 1197 et
1084 1136 1194 1198 iudices
1229 1140 1330 1198 oritur

203 1243 240 1304 de
259 1243 407 1322 supplicio
423 1242 546 1304 uictoris
563 1239 727 1307 contentio;
751 1239 893 1318 siquidem
908 1259 972 1302 eam
990 1246 1204 1304 contentionem
1224 1248 1329 1324 arguit

203 1350 239 1410 lr.
269 1348 346 1410 Xlll.
400 1349 539 1430 Sequitur
567 1347 645 1408 iraus
669 1343 776 1406 Fufetii
805 1354 835 1406 et
870 1349 998 1410 crudelis
1030 1351 1177 1412 interitus:
1218 1371 1261 1412 ac
1290 1354 1327 1414 ir.
1379 1389 1380 1400 κ

202 1454 271 1516 XlV
301 1455 376 1516 Tulli
406 1455 498 1516 uerba
529 1452 663 1528 exbibet,
695 1453 743 1530 qui
771 1450 915 1514 Fufetium
942 1456 1064 1516 interimi
1099 1476 1183 1537 quam
1214 1477 1328 1520 omnes

203 1563 267 1622 eius
298 1562 445 1640 ‘legiones
474 1577 509 1621 ac
540 1559 708 1638 populares'
739 1541 836 1638 perire
857 1561 974 1622 mauult.
1020 1561 1199 1641 Supplicium
1224 1563 1327 1641 ipsum

203 1668 333 1730 editores
355 1669 488 1730 uiderunt
509 1666 545 1727 lr.
568 1665 633 1726 XV.
651 1664 719 1725 XVI
732 1663 869 1742 describi,
891 1660 1010 1730 incertis
1022 1669 1148 1747 quidem,
1171 1669 1229 1728 sed
1245 1688 1326 1748 quae

203 1794 273 1836 uere
297 1776 373 1836 baud
397 1774 485 1836 dubie
511 1775 539 1834 in
566 1773 642 1834 bunc
668 1773 771 1834 librum
800 1774 868 1834 olim
897 1776 1027 1854 reposita
1058 1784 1132 1836 sunt.
1175 1773 1326 1836 Ceterum

201 1883 268 1943 binc
292 1882 410 1943 colores
433 1881 574 1960 quosdam
596 1879 715 1940 duxisse
734 1880 896 1958 Vergilium
919 1889 989 1960 puto
1013 1883 1066 1960 (eo
1090 1881 1176 1957 loco,
1200 1881 1259 1941 ubi
1298 1893 1326 1942 et

202 1987 259 2049 alia
278 1986 407 2048 Enniana
430 1988 523 2049 latere
547 2003 634 2065 supra
663 1987 822 2046 monuimus
843 1987 878 2048 ad
899 1984 912 2046 l
934 1986 970 2046 ir.
991 1987 1028 2068 b)
1057 1988 1132 2048 Aen.
1156 1985 1226 2048 Vlll
1260 1988 1326 2050 642

202 2097 281 2155 baud
295 2101 400 2172 procul
418 2098 482 2154 inde
503 2100 574 2154 citae
596 2097 711 2154 Mettum
733 2100 763 2154 in
782 2099 894 2154 macrae
915 2099 1069 2173 qnmdn'pec
1088 2097 1326 2154 nocuerant-

201 2209 232 2260 at
250 2211 279 2261 tu
300 2206 388 2276 dicto,
409 2204 523 2273 Alliam,
543 2206 753 2274 maneresl-,
772 2205 1014 2279 raptabatque
1034 2207 1112 2262 uiri
1132 2204 1326 2260 mendacis

201 2312 350 2368 uiscera
370 2311 575 2368 TullusPer
597 2311 736 2378 siluam,
759 2316 791 2367 ot
804 2314 928 2383 sparsi
942 2311 1121 2368 rorabant
1137 2313 1326 2383 sanquine

202 2431 346 2488 uepres.
391 2410 493 2472 Restat
516 2431 532 2470 e
555 2409 632 2472 Tulli
655 2431 747 2490 regno
767 2412 863 2473 Albae
886 2414 1044 2474 excidium:
1067 2414 1147 2474 culus
1170 2416 1212 2474 rei
1236 2417 1324 2495 l'rag·
1378 2441 1379 2484 1

202 2519 277 2578 mina
297 2518 368 2580 licet
392 2535 430 2578 ex
460 2517 590 2578 eiusdem
610 2517 733 2598 Vergilii
763 2521 921 2581 imitatione
944 2520 1018 2580 Aen.
1049 2518 1075 2580 ll
1105 2519 1166 2582 486
1195 2520 1325 2603 (XVII)

203 2625 360 2703 expiscari.
382 2623 504 2685 linniurb
522 2627 608 2701 euim,
630 2644 716 2704 quem
739 2645 796 2686 non
815 2627 951 2703 nominat,
975 2627 1120 2704 significat
1139 2627 1268 2688 Seruius
1297 2632 1324 2689 in

201 2728 275 2794 Aen.
299 2729 319 2790 l.
339 2730 359 2790 l.
384 2735 418 2792 de
439 2736 545 2792 Amano
567 2737 675 2792 excidio
697 2739 849 2794 translatus
868 2743 908 2794 eat
922 2738 1008 2793 locam
1045 2731 1174 2794 Eundem
1191 2739 1325 2814 respicit

201 2835 328 2896 fortasse
341 2837 369 2896 io
383 2836 457 2896 Aen.
471 2837 498 2898 ll
512 2837 573 2899 313
580 2843 746 2916 plerumque
760 2846 832 2900 enim
844 2843 885 2899 od
892 2843 985 2899 turbam
997 2847 1160 2898 euertuntur
1172 2844 1323 2901 ciuitates.-

200 2947 271 3000 m‘eut
282 2945 380 3001 Album
395 2947 490 3004 Tullus
502 2948 636 3004 Hostiliam
654 2951 733 3004 isonis
753 2951 847 3004 suerii.
880 2942 1058 3022 Quamquam
1076 2945 1158 3004 nimis
1170 2944 1322 3008 incertum

202 3054 265 3121 est,
288 3046 344 3106 inc.
362 3047 426 3108 sed.
445 3049 547 3126 fragm.
564 3049 632 3110 Vlll
647 3050 730 3110 buius
747 3049 833 3110 tubae
849 3055 996 3111 terribilem
1010 3059 1127 3112 sendum
1141 3051 1320 3128 significari.

286 3150 409 3212 Ancus
428 3153 591 3215 lllareius
615 3156 692 3234 quod
707 3173 781 3214 nuuc
802 3155 916 3214 nomine
932 3154 1039 3216 dicitur
1055 3157 1091 3217 ir.
1109 3156 1203 3217 XVlll
1217 3157 1320 3221 llber-

200 3257 242 3334 gii
265 3259 458 3320 emendationi
480 3261 612 3322 debetur.
647 3260 744 3338 Atque
767 3260 824 3320 hoc
841 3259 910 3320 licet
932 3261 1138 3338 probabilitate
1161 3266 1320 3327 coniectu-

201 3364 390 3440 meditatur,
414 3366 489 3428 Auci
510 3386 559 3428 res
581 3369 608 3426 ln
627 3366 685 3426 hoc
707 3365 782 3427 libro
806 3375 944 3428 tractatas
973 3368 1081 3444 luisse,
1106 3371 1141 3429 lr.
1170 3370 1225 3430 XX
1255 3392 1319 3452 quo

201 3470 317 3530 condita
339 3488 374 3530 ac
396 3474 501 3534 munita
521 3471 601 3532 Ostia
631 3471 700 3532 urbs
721 3483 912 3556 memoratur,
944 3475 1080 3535 ostendit.
1126 3474 1180 3536 Cui
1211 3496 1319 3541 narra·

200 3577 271 3636 tionl
292 3577 382 3638 addas
402 3578 492 3640 laceri
514 3595 618 3638 uersus
641 3578 810 3658 particulam
834 3585 974 3642 tenerum
991 3595 1080 3659 prate
1094 3582 1195 3663 (XIX)
1219 3593 1253 3644 et
1280 3605 1320 3646 ex

200 3685 319 3744 incertis
342 3696 369 3745 et
392 3690 497 3746 Tiberia
516 3691 619 3761 flumen
640 3691 724 3745 uomit
744 3691 772 3744 in
792 3705 871 3745 mare
891 3695 994 3750 nclmsm
1018 3691 1090 3768 (inc.
1111 3689 1174 3749 sed.
1195 3688 1269 3768 lX).

284 3790 431 3852 Tertius
453 3792 599 3853 annalis
615 3792 699 3851 trium
708 3793 757 3869 qui
768 3797 908 3870 postremi
921 3805 987 3855 sunt
999 3814 1102 3874 regum
1114 3794 1318 3858 Romanorum

1377 3781 1378 3840 l

199 3917 248 3958 res
269 3908 369 3976 gestas
394 3908 424 3960 et
445 3901 528 3976 regni
550 3899 660 3958 ruinam
681 3900 911 3979 comprehendit.
956 3902 1042 3977 Quod
1062 3905 1116 3962 etsi
1138 3903 1209 3980 ipsis
1228 3903 1316 3983 lrag·
1377 3869 1378 3922 ἶ

197 4006 300 4065 mentis
319 4024 377 4065 non
398 4007 523 4083 cogitur,
546 4006 638 4082 exigit
659 4015 754 4065 tamen
775 4007 901 4067 narratio
917 4008 1110 4087 aequabiliter
1129 4011 1156 4068 in
1174 4011 1315 4087 singulos

199 4109 289 4170 libros
310 4111 472 4172 distributa.
510 4111 583 4172 lllud
602 4111 727 4187 dubium,
748 4112 860 4173 liberae
875 4117 918 4174 rei
935 4115 1070 4192 publicae
1088 4126 1169 4176 ortus
1185 4117 1221 4176 ad
1236 4117 1313 4178 hun·

198 4217 263 4278 cine
278 4216 381 4280 librum
397 4235 432 4278 an
447 4218 483 4278 ad
497 4221 658 4298 proximum
674 4221 827 4299 pertineat.
850 4219 894 4279 De
908 4218 1064 4301 Tarquinio
1080 4222 1151 4283 licet
1167 4224 1314 4303 quaedam
