2770 4946
489 355 731 427 RELIQVIAE

588 525 637 596 Vl
746 517 755 526 .

156 646 313 718 Seriuiler
333 646 498 716 lortrinem
519 645 609 712 ierro
631 642 768 714 oemunt
786 643 829 714 dc
846 641 994 712 uictririe

566 777 629 850 VH
643 777 660 816 :tr

844 881 966 951 hehae!
988 919 1041 932 —

152 985 239 1076 'lpse
261 984 388 1076 clipeus
407 983 532 1054 cecidit.

573 1119 651 1190 Vlll

155 1224 253 1294 'Ecce
276 1227 384 1293 autem
412 1223 522 1316 caligo
549 1224 666 1294 oborta
692 1225 759 1394 estg
795 1221 923 1394 (ilrrruem
956 1224 1166 1314 prospectum

717 1326 736 1394 i
760 1330 814 1396 stu
826 1327 859 1395 it.

485 1459 501 1497 *
726 1461 742 1497 ti

605 1517 622 1555 *

69 1605 164 1666 210.
220 1650 227 1667 .
283 1650 292 1667 .
346 1650 354 1667 .
409 1598 586 1690 derepente
605 1596 741 1667 cuntulit
760 1619 836 1668 sese
855 1599 886 1668 in
908 1597 1021 1689 pedes.

155 1835 224 1919 Qui
246 1838 378 1928 cupiant
396 1837 474 1908 dare
495 1733 743 1922 irmalllchilli,
767 1838 920 1906 cunctent
947 1887 1101 1906 .....

157 2073 253 2158 Quae
277 2097 351 2144 mea
375 2075 557 2146 comminus
585 1972 758 2145 milcheem
782 2079 880 2168 atque
909 2074 1005 2144 hesta
1034 2072 1168 2144 hostibit
1220 2112 1224 2120 ·

718 2179 737 2248 i
757 2201 866 2248 uranu.

156 2373 230 2452 Aes
256 2381 359 2466 sunit,
387 2279 735 2474 srmgunturlrlastae,
762 2383 851 2454 terra
873 2382 970 2454 sudat
993 2381 1166 2474 sanguine.

63 2577 89 2627 G.
98 2581 258 2633 Hermannus
266 2581 348 2632 Elem.
364 2582 444 2632 doctr.
459 2591 531 2634 metr.
548 2583 633 2650 pecc
703 2586 739 2635 VI
758 2581 980 2649 Nouiusp.5il‚8
1000 2583 1167 2634 ‘saeuiter

62 2661 103 2711 pro
124 2667 204 2703 saeue
310 2653 408 2702 Ennius
431 2653 546 2704 Hectoris
568 2654 655 2719 lystris
680 2655 749 2703 ...'
780 2653 970 2719 (llaectcris
993 2649 1099 2716 Bamb.)

63 2719 105 2768 Vll
123 2723 208 2772 Varro
222 2723 255 2772 de
268 2721 297 2771 L.
314 2721 343 2771 L.
358 2721 453 2773 vl193
473 2723 506 2772 Μ.
536 2727 632 2774 ‘euax
650 2724 757 2774 uerbum
774 2723 839 2772 nihil
859 2721 1003 2789 siguificat,
1023 2723 1069 2772 sed
1086 2721 1169 2771 effuti-

61 2789 118 2840 tium
137 2791 290 2842 naturaliter
307 2800 359 2851 est,
377 2799 405 2840 ut
418 2792 487 2857 apud
500 2793 623 2844 Ennium:
644 2793 739 2844 hehae'
760 2809 782 2842 e.
798 2809 822 2856 q.
838 2808 859 2842 s.
888 2792 999 2843 Gremm.
1015 2791 1063 2842 inc.
1080 2792 1112 2841 de
1124 2807 1169 2860 ge-

19 2853 25 2866 *
64 2861 159 2912 neribus
182 2861 314 2912 nominum
336 2860 383 2927 (p.
404 2861 438 2912 30
461 2862 501 2912 ed.
527 2861 603 2928 Otto)
631 2863 776 2928 ‘clipeus
802 2877 861 2928 gen.
884 2877 980 2921 masc„
1006 2871 1034 2911 ut
1056 2861 1167 2911 Ennius:

64 2931 148 2981 cecidit
164 2931 284 2997 clipeus!
312 2931 458 2982 Hucrclert
472 2931 501 2981 0.
516 2933 673 2983 Ribbeckius
743 2933 804 2982 Vlll
822 2932 919 2982 Nonius
932 2948 959 2998 p.
973 2931 1032 2992 518,
1048 2929 1081 2983 10
1100 2931 1170 2981 ‘de-

63 3009 195 3064 repente
270 3001 368 3050 Eunius
383 3001 498 3051 Hectoris
510 3003 598 3066 lystris
613 3003 663 3052 ...’
684 3002 878 3068 (Hscctoris
890 2998 995 3064 Bumb.)
1065 3000 1102 3050 IX
1119 3000 1170 3051 Nc-

64 3069 115 3118 uius
128 3087 156 3136 p.
168 3070 232 3131 469,
245 3070 279 3122 ἳῦ
298 3073 461 3120 ‘cunctans
478 3086 524 3136 prc
538 3079 694 3122 cunctantur.
724 3073 818 3122 Accius
899 3072 997 3122 Ennius
1009 3069 1169 3123 Aubrcclria:

64 3135 122 3188 benc
141 3154 247 3191 mones:
273 3147 339 3190 tute
357 3141 428 3205 ipse
446 3149 575 3204 cunctcto,
601 3141 660 3192 uide
678 3141 768 3191 fortem
787 3141 879 3190 uirum.
911 3139 982 3192 Idem
1001 3140 1116 3190 Hectoris
1133 3140 1171 3206 ly-

63 3208 104 3256 tris
124 3211 177 3259 ...'
198 3210 386 3278 (Haectoris
402 3207 508 3275 Bamb.)
576 3211 601 3262 X
618 3211 707 3261 Festus
726 3226 754 3276 p.
769 3211 821 3262 270
832 3211 868 3264 M.
891 3209 1048 3261 ‘redhostire
1064 3237 1100 3247 —
1112 3225 1171 3260 num

65 3283 85 3346 et
100 3278 224 3330 hostire
241 3293 288 3344 pro
306 3293 416 3341 aequare
432 3288 581 3345 posuerunt.
613 3281 711 3330 Ennius
731 3282 755 3329 in
769 3279 927 3345 Cresphonte
1004 3280 1067 3328 etin
1081 3279 1172 3329 Hecto-

64 3346 95 3396 ris
116 3349 204 3414 lytrie:
229 3351 306 3412 quae'
326 3364 348 3398 e.
368 3365 392 3412 q.
412 3364 433 3401 s.
457 3350 656 3415 (innecteris
679 3350 827 3414 lyrisque
849 3350 923 3412 col,
946 3364 995 3399 em.
1014 3346 1137 3412 Vrsinus)

95 3417 129 3468 XI
152 3419 252 3470 Nouius
270 3419 416 3483 p.504‚32
439 3421 541 3480 ‘scuit
564 3435 611 3485 pro
633 3427 708 3470 sonat
794 3419 891 3470 Ennius
912 3419 1080 3470 llaectcris
1105 3419 1172 3482 lys·

69 3526 273 3542 *.-

103 3597 153 3652 loti
175 3595 314 3649 fortunam
334 3595 409 3649 ierro
428 3591 459 3649 0.
478 3592 653 3650 Ribbcclriur.
671 3595 781 3650 fortuna
797 3595 871 3648 ierro
887 3591 958 3648 libri
978 3591 1089 3646 fortune
1105 3591 1171 3646 ferri

68 3674 190 3734 Culum
274 3682 326 3736 tte
347 3681 447 3734 oborta
461 3678 560 3734 Bamb.
576 3681 673 3736 abortc
686 3681 771 3734 ceteri
785 3678 850 3734 tibus·
931 3675 1075 3731 munem
1087 3677 1172 3747 siqni-

66 3760 388 3828 iterumiterum
468 3767 523 3822 llo
543 3780 575 3819 se
590 3781 656 3820 sese
678 3763 717 3820 W
796 3762 870 3834 pede
887 3759 987 3816 Bamb.
1072 3766 1123 3818 ull
1144 3765 1174 3813 ut

69 3844 122 3914 ipse
137 3853 270 3904 cuncteni
284 3848 354 3902 libri.
369 3848 504 3919 qlcssema
518 3848 571 3920 (cf.
586 3851 692 3922 aspra)
707 3850 784 3904 eiecit
798 3847 828 3902 0.
843 3844 1021 3912 Ribbeckt'tae,
1047 3847 1097 3917 qttt'
1112 3857 1174 3900 mt-

70 3933 170 3989 entiam
180 3934 221 3987 sic
232 3931 295 4004 sere
308 3933 491 4005 srepplenclcm
505 3933 672 3990 arbitratur:
687 3949 812 4006 pugnem
824 3933 948 3987 obbitere
1031 3933 1085 3987 212
1100 3943 1172 4000 quae

75 4011 193 4072 Vrrimr.
216 4033 270 4087 que
289 4018 350 4074 cod.
376 4017 414 4089 cs.
429 4032 518 4090 supra
603 4019 760 4074 comminus
778 4018 839 4073 cod.
858 4020 924 4072 tete
943 4012 980 4069 H.
1001 4011 1089 4070 Keitic
1113 4013 1172 4068 1.·1.

66 4112 94 4166 Ρ·
107 4105 166 4160 tm.
189 4102 318 4158 cominus
338 4103 420 4175 uulyc
504 4101 620 4158 hostibit
638 4119 654 4157 c
676 4117 759 4158 manu
775 4099 926 4158 Sckcellt'ut
944 4098 978 4154 cte
993 4099 1083 4153 tetral.
1100 4104 1172 4169 πρ.

67 4195 96 4249 Ρ·
113 4188 173 4244 479.
200 4185 319 4258 hospius
343 4202 428 4242 manu
453 4187 516 4243 cod.
544 4187 660 4243 hostiuit
687 4203 809 4243 emsuu
835 4184 961 4257 Scaliycr
1044 4187 1097 4241 213
1123 4199 1173 4238 aes

72 4262 102 4320 Ν.
116 4268 214 4332 Faber.
233 4276 261 4326 et
273 4270 337 4327 libri
385 4287 392 4309 0
420 4270 500 4328 haste
516 4277 607 4327 terrae
624 4270 725 4327 Bamb.

922 4359 970 4422 ⁸*
