2796 4948
635 368 878 428 arietinum

721 537 763 608 Π]
778 533 795 576 *

304 657 429 751 'Aqua,
455 660 560 742 terra,
589 655 697 726 anima
705 665 721 742 ‚'
742 657 796 728 sol

720 791 769 864 W
781 789 799 828 ἡ

306 908 418 980 Te'rris
439 907 569 1002 genleis
589 909 696 980 omnis
713 909 840 1001 peperit
859 909 893 978 et
912 909 1048 980 resumit
1071 911 1194 982 denuo:

261 1021 280 1083 o
304 1011 418 1083 'Istaec
442 1012 497 1084 dat
515 1011 636 1084 cibaria
652 1016 751 1106 atque
769 1011 859 1106 quod
880 1014 967 1104 gerit
984 1014 1120 1104 fruges,
1150 1014 1256 1086 Ceres.

307 1299 316 1318 .
370 1299 380 1320 .
432 1301 440 1318 .
494 1301 503 1319 .
555 1248 644 1319 terra
661 1146 783 1342 corpis
802 1249 869 1335 est,
897 1252 931 1320 at
949 1251 1067 1322 mentis
1088 1252 1177 1345 ignis
1196 1257 1253 1324 est.

735 1385 784 1456 VI

305 1505 391 1579 Istic
409 1511 460 1578 est
480 1508 522 1578 (lc
539 1508 613 1579 sole
633 1508 802 1598 sumptus:
837 1503 932 1598 isque
952 1506 1041 1574 totus
1061 1503 1183 1573 mentis
1204 1509 1264 1575 cst.

716 1639 805 1711 Vll*

309 1757 394 1828 Istic
416 1759 517 1830 estis
539 1758 685 1850 luppiter
704 1781 802 1852 quem
822 1756 912 1842 dico,
940 1777 1038 1850 quem
1056 1755 1177 1826 Graeci
1198 1764 1314 1829 uocant

307 1858 455 1932 'Aiiremz
484 1861 538 1954 qui
557 1864 678 1932 uentus
698 1865 801 1932 estet
821 1861 943 1930 nubes:
972 1859 1076 1928 imber
1097 1860 1218 1950 postea

241 1971 279 2034 10
306 1961 426 2058 'Atque
449 1987 493 2034 ex
513 1964 615 2036 imbre
635 1968 761 2058 frigus:
787 1968 909 2034 uentus
931 1962 1008 2053 post
1033 1962 1086 2047 lit,
1115 1967 1174 2033 aer
1198 1966 1315 2036 denuo.

206 2179 297 2216 manac
315 2165 443 2228 quandam
461 2174 563 2231 gentem
582 2168 672 2233 stirpis
685 2167 821 2229 concoquit
836 2165 955 2231 Frigus
974 2163 1083 2214 calore
1098 2172 1196 2228 atque
1214 2181 1319 2216 umore

207 2235 405 2285 aritudinem
425 2235 557 2286 Miscet!
592 2237 746 2303 Epicharmo
759 2236 835 2286 Ennii
855 2235 975 2300 ascripsit
989 2233 1113 2284 Columna
1183 2235 1221 2285 III
1239 2236 1319 2286 Varro

208 2304 240 2354 dc
260 2318 288 2354 rc
308 2305 403 2354 rustica
421 2305 561 2356 ll‘cius'
581 2306 652 2373 (agri
670 2307 795 2356 culturam
808 2304 884 2370 dicit)
908 2305 1051 2369 ‘principia
1067 2310 1126 2353 sunt
1145 2305 1237 2367 eadem
1258 2322 1321 2369 quae
1389 2343 1390 2346 η

207 2373 296 2423 mundi
319 2389 376 2424 esse
399 2374 496 2424 Ennius
518 2377 620 2436 scribit,
649 2375 962 2440 aquaterraanima
985 2373 1058 2423 sol.'
1094 2374 1149 2422 linc
1170 2373 1253 2424 refert
1276 2376 1322 2426 Go-
1389 2375 1390 2441 i

208 2443 295 2492 lumua
364 2443 401 2494 IV
419 2444 501 2494 Varro
515 2445 548 2496 de
561 2445 590 2496 L.
606 2445 636 2495 1..
651 2447 675 2496 V
688 2446 722 2497 ot
737 2444 771 2494 hl.
790 2448 872 2494 ‘terra
885 2443 951 2508 Ops,
972 2443 1041 2506 quod
1053 2441 1113 2493 hinc
1127 2458 1203 2494 omne
1217 2459 1285 2510 opus
1299 2454 1323 2495 ct

208 2512 257 2562 hac
270 2527 335 2578 opus
348 2513 382 2563 acl
397 2513 554 2576 uiuendum
573 2522 598 2566 ct
613 2515 672 2566 ideo
689 2515 782 2565 dicitur
796 2513 848 2580 Ops
860 2521 955 2573 mater,
972 2513 1041 2575 quod
1053 2520 1120 2563 terra
1133 2521 1224 2563 mater.
1255 2516 1323 2566 Haec

188 2583 275 2632 ¹crrIm
296 2582 396 2633 terris
495 2583 615 2644 dcuno;
639 2600 719 2648 quae
744 2584 797 2634 dat
821 2583 964 2642 cibaria,
992 2589 1020 2632 ut
1044 2583 1079 2632 ait
1102 2583 1215 2644 Ennius,
1243 2601 1323 2647 quae

208 2651 291 2717 quod
313 2653 399 2718 gerit
419 2650 545 2717 fruges,
568 2653 681 2705 Ceres!
718 2653 783 2703 Huic
808 2653 916 2703 carmini
938 2653 1059 2717 ascripsit
1077 2651 1194 2718 Scaliger
1216 2660 1246 2702 ut
1266 2656 1322 2706 VII.

208 2721 291 2780 Quae
387 2720 481 2772 Geras
503 2722 582 2790 uulgo
602 2738 649 2790 pro
667 2723 835 2775 Varronianis
853 2722 1025 2787 accipiuntur;
1049 2722 1118 2784 quod
1135 2730 1225 2774 contra
1242 2724 1325 2790 Berg-

206 2792 266 2841 lrius
290 2790 322 2840 de
345 2805 424 2840 carm.
444 2790 498 2840 Sal.
517 2793 563 2842 rel.
582 2809 608 2859 p.
628 2795 690 2844 VIII
711 2792 776 2843 hacc
796 2792 901 2856 quidem
917 2791 1007 2851 Ennii,
1030 2791 1077 2841 secl
1095 2791 1141 2840 illa
1155 2809 1249 2854 ,quae
1272 2795 1324 2845 dat

208 2861 332 2911 cibaria
360 2861 482 2912 Varronis
508 2861 588 2912 uerba
617 2877 674 2912 esse
699 2868 785 2912 censet
864 2862 887 2910 V
914 2862 1061 2911 Priscianus
1087 2861 1135 2910 VII
1165 2877 1193 2926 p.
1217 2862 1272 2914 764
1295 2865 1322 2914 P.
1388 2911 1389 2920 ,

208 2927 349 2996 (ipsso
371 2926 417 2992 II.)
440 2930 542 2981 ‘hicet
566 2931 756 2981 hacccmentis
779 2929 1002 2990 ethocamente;
1039 2945 1087 2980 nec
1112 2931 1222 2992 mimm,
1251 2935 1324 2983 cuius
1388 2931 1389 2940 ’

209 2999 322 3065 simplex
336 3013 437 3062 quoque
451 3001 568 3051 mentis
581 3001 678 3052 Ennius
692 3001 798 3067 protulit
810 3001 837 3052 in
851 3001 1019 3066 Epicharmo:
1039 3001 1120 3050 terra’
1135 3017 1159 3052 e.
1174 3017 1200 3065 q.
1217 3018 1239 3052 s.
1262 3007 1324 3069 ‘pro

159 3127 165 3140 .
208 3091 312 3141 mans)
331 3065 520 3158 (cirinslteg.
593 3090 781 3157 sphicarmo
797 3091 861 3157 Reg.
882 3089 1291 3157 iuephicharmcllalberst.)

243 3160 278 3210 Vl
297 3159 379 3210 Varro
394 3159 426 3210 de
440 3160 470 3210 L.
484 3160 513 3212 L.
527 3161 551 3210 V
564 3159 598 3212 59
611 3161 645 3210 Μ.
671 3162 731 3224 ‘qui
745 3161 833 3212 caldor
846 3177 861 3211 e
873 3161 961 3222 caelo,
982 3161 1052 3222 quod
1064 3155 1107 3210 hic
1123 3160 1324 3214 innumerabiles

209 3244 239 3279 ac
250 3229 408 3280 immortales
421 3230 509 3296 ignem
527 3230 614 3294 itaque
626 3231 796 3296 Epicharmus
810 3231 938 3282 demente
951 3229 1063 3280 humana
1077 3229 1152 3279 dicit:
1177 3231 1259 3280 istic
1277 3241 1325 3282 est

209 3299 246 3349 de
265 3297 346 3348 sole’
367 3315 390 3348 e.
412 3315 436 3362 q.
454 3315 475 3348 s.
501 3299 604 3367 (dicit
625 3300 717 3350 istic:
737 3308 785 3350 est
804 3301 830 3350 d.
851 3315 873 3350 s.
893 3298 1063 3365 Spengelius‚
1089 3298 1118 3348 0.
1136 3299 1291 3365 Muellerus)

242 3369 292 3418 Vll
311 3368 393 3418 Varro
408 3369 440 3420 dc
453 3368 482 3419 L.
497 3368 526 3419 L.
543 3370 567 3421 V
581 3369 615 3422 65
627 3369 662 3419 M.
683 3370 769 3420 ‘idem
787 3369 814 3420 hi
836 3369 878 3420 dei
893 3369 998 3420 Caelum
1018 3376 1043 3419 ct
1055 3369 1147 3430 Terra,
1168 3371 1287 3437 luppiter
1301 3380 1324 3421 et

251 3577 269 3632 3
290 3574 385 3630 anima
399 3575 442 3630 sol
456 3574 518 3630 cod.
532 3571 670 3629 Portant.
688 3573 781 3628 anima
796 3578 823 3627 et
837 3575 880 3628 sol
894 3573 977 3646 culpo
1061 3579 1080 3634 4
1100 3575 1213 3646 genleio
1226 3575 1324 3631 Horta.

210 3658 303 3730 gentis
323 3661 408 3714 ceteri
428 3674 490 3714 cum
511 3659 590 3714 Flor.
678 3657 825 3716 5isthaec
845 3656 978 3730 Scaliper.
1000 3675 1072 3730 quae
1093 3659 1156 3714 libri
1242 3667 1324 3732 atque

211 3742 306 3814 quod]
331 3759 403 3814 quae
426 3743 502 3814 quod
528 3742 605 3811 libri,
632 3745 686 3798 arci
709 3743 784 3815 quod
808 3759 936 3813 quaeque
957 3743 1126 3816 Ancorarius
1146 3761 1201 3816 ηις.
1227 3760 1266 3800 aa
1292 3747 1324 3800 li-

209 3827 266 3883 lm's
351 3825 458 3884 isthaec
485 3829 615 3884 omnihus
644 3828 739 3897 fruges
763 3827 835 3899 gerit
856 3825 982 3900 Soalrper
1065 3829 1173 3887 Iistic
1195 3846 1222 3883 e.
1247 3828 1277 3884 d.
1300 3851 1325 3887 s.

211 3917 354 3983 sumptus,
381 3912 461 3983 isque
485 3918 558 3968 totus
576 3928 613 3972 m.
634 3929 660 3966 c.
680 3911 821 3984 Berpluits
834 3911 962 3968 Prooem.
979 3911 1096 3984 Emped.
1106 3930 1140 3984 p.
1156 3917 1200 3972 31,
1219 3914 1284 3970 ishc
1299 3933 1323 3972 e.

211 3997 240 4054 d.
256 4015 280 4053 s.
297 4003 423 4068 sumptus
440 3997 515 4070 ignis
535 3997 565 4054 id
581 4003 624 4052 est
639 3997 681 4052 sol
698 4002 741 4052 est
756 3997 836 4067 isque
858 4001 931 4052 totus
944 4013 983 4052 m.
999 4011 1025 4051 e.
1042 3997 1112 4052 lion,
1129 3997 1237 4075 isticxe.
1255 3999 1285 4054 d.
1301 4021 1324 4056 s.

210 4087 338 4154 sumptus
354 4082 429 4154 ignis
446 4085 526 4154 isque
542 4083 642 4137 mentis
657 4087 701 4136 est
716 4080 840 4153 Scott'per
923 4081 1060 4158 &Iupiter
1076 4081 1155 4138 Flor.
1244 4083 1323 4141 Greci

210 4167 287 4223 Flor.
371 4170 499 4226 9aerem
514 4167 592 4223 Flor.
606 4165 683 4222 Goth.
699 4165 768 4220 Por.
781 4166 797 4222 b
811 4171 842 4221 ut
855 4165 912 4222 uid.
929 4181 1007 4220 arem
1021 4164 1092 4221 Par.
1108 4182 1131 4232 c,
1147 4183 1200 4222 om.
1216 4167 1325 4242 Hauc„

209 4253 311 4308 lacuna
325 4254 354 4307 in
369 4251 439 4310 Par.
453 4269 481 4306 a.
500 4235 573 4328 ἆέρα
594 4250 757 4307 Verri-cutm
844 4256 878 4309 10
901 4257 1001 4306 uentus
1017 4253 1109 4324 culpo.
1120 4253 1221 4326 ‚uentis
1236 4253 1301 4309 librr'
