2772 4946
198 383 334 436 mxlv
594 365 909 439 Qvnusrrouus

200 531 261 602 διτδ
281 535 435 618 Περσέων,
467 533 596 614 ἔπεμπον
621 523 762 611 ἀγγέλους
783 527 812 602 ἐς
831 523 943 612 Σάρδις
962 519 1044 608 παρὰ
1064 529 1170 605 Κῦρον
1190 521 1325 586 ἐθέλον-

201 667 246 718 τες
268 641 316 704 hrt
340 645 417 702 τοῖσι
442 631 559 700 αδτοῖσι
581 631 657 699 εἶναι
682 641 758 696 τοῖσι
785 633 836 694 καλ
857 635 973 718 Κροίσῳ
997 633 1068 694 ἔσαν
1096 622 1264 708 κατήκοοι.
1311 621 1326 688 ὁ

201 747 234 811 δέ
251 739 383 818 ιἰκοδσας
409 740 521 805 αδτέοον
536 735 573 804 ad
593 743 785 823 προΐσχοντο,
816 738 895 814 ἔλεξέ
914 755 968 816 σφι
989 733 1091 818 λόγου,
1108 729 1129 796 δι’
1136 736 1182 795 νδ
1189 759 1244 815 ροι
1267 727 1329 811 φδις

201 843 369 933 αὐλητὴν
395 843 524 911 ἰδόντα
553 847 664 928 ἰχθῦς
689 844 727 906 έν
747 849 789 930 τῇ
812 839 986 928 θαλάσσῃ
1004 833 1175 916 αδλέειν,
1205 838 1328 900 δοκέ-

201 953 294 1022 οντοῖ
316 977 433 1035 σφεας
458 949 725 1032 ἐξελεύσεσθαι
751 947 785 1022 ές
809 953 897 1030 γῆν·
941 938 982 1020 ὦς
1009 945 1041 1007 δὲ
1062 950 1249 1026 ψευσθῆναι
1278 949 1332 1022 τῆς

201 1063 333 1138 έλκλδος,
361 1063 463 1141 λαβεῖν
489 1050 712 1139 τἰμφέβληστρον
737 1054 786 1116 καλ
810 1057 981 1134 περιβαλεῖν
1006 1073 1036 1113 τε
1060 1056 1181 1131 πλῆθος
1203 1043 1332 1112 πολλὸν

199 1173 260 1231 τῶν
277 1161 392 1246 ἰχθύων
413 1161 464 1224 καλ
486 1158 645 1244 ἐξειρύσαι,
667 1153 768 1222 ἰδόντα
791 1159 823 1221 δὲ
845 1157 1044 1236 παλλομένους
1062 1158 1154 1219 εἰπεῖν
1179 1152 1246 1239 ἄρα
1271 1148 1330 1216 αδ-

200 1267 252 1336 τδν
269 1266 343 1354 πρὸς
361 1261 429 1341 τοδς
450 1269 537 1348 ἰχθῦς
558 1261 709 1328 *παύεσθέ
727 1271 786 1343 μοι’
799 1258 973 1345 ὀρχεόμενοι,
997 1261 1056 1323 ἐπεὶ
1076 1254 1142 1322 οὐδ’
1171 1255 1245 1340 έμέο
1271 1252 1330 1322 αδ-

201 1375 316 1452 λέοντος
331 1367 451 1456 ἠθέλετε
472 1373 619 1456 ἐκβαίνειν
636 1366 829 1454 δρχεόμενοι.’
874 1371 919 1430 Ad
943 1371 1020 1448 qnod
1039 1387 1131 1446 genus
1154 1371 1271 1429 nescio
1293 1387 1331 1427 au

202 1493 232 1544 et
253 1483 301 1542 hic
321 1498 424 1541 uersus
448 1481 605 1559 pertineat:
636 1485 728 1540 decem
748 1485 857 1539 coelites
869 1485 954 1554 ,queis
975 1480 1107 1536 mondduc
1128 1481 1251 1534 summis
1272 1479 1328 1533 Ri-

195 1595 260 1668 peie
282 1592 380 1663 sudem
409 1585 481 1664 (ino.
513 1593 566 1643 sat.
592 1583 691 1662 vulp:
728 1583 874 1661 Arimaspi
896 1585 970 1642 eninr
992 1581 1107 1640 unoculi
1132 1579 1191 1639 dici
1214 1581 1329 1641 uiden·

201 1703 263 1768 tur,
293 1692 329 1752 de
357 1689 459 1769 quibus
487 1687 653 1748 Herodotus
678 1685 718 1746 iv
744 1687 781 1748 13
800 1678 978 1768 Ἰσσηδόνων
1003 1678 1033 1747 δ’
1061 1678 1250 1765 ὑπεροικέειν
1285 1688 1327 1746 ait

198 1789 397 1878 Ἀριμασποὺς
412 1788 523 1872 ἄνδρας
538 1787 800 1870 μουνοφθάλμους,
823 1785 898 1872 ὑπὲρ
920 1789 952 1852 δέ
971 1784 1096 1852 τουτέων
1116 1783 1186 1864 τοδς
1208 1810 1325 1873 χρυσο-

201 1896 337 1981 φύλακας
365 1905 493 1980 γρῦπας,
533 1893 659 1960 τουτέοον
687 1895 720 1958 δέ
746 1890 813 1970 τοδς
829 1890 1040 1980 Ὑπερβορέους
1059 1892 1247 1976 κατήκοντας
1273 1895 1325 1958 ἐπὶ

201 2002 408 2067 cainonense.
433 2025 461 2084 q.
485 2023 509 2063 a.

286 2112 365 2186 Quot
390 2120 549 2169 saturarum
571 2108 661 2169 libros
686 2108 847 2168 coniecerit
868 2107 975 2168 Ennius
997 2110 1153 2168 incertum:
1180 2110 1321 2190 Porphy-

201 2213 245 2277 r'io
273 2218 301 2276 in
327 2215 438 2275 Horatii
468 2215 588 2274 carmi
618 2215 673 2290 10,
696 2214 737 2274 46
760 2223 904 2291 ·quattuor
936 2214 1026 2274 fuisse
1059 2222 1199 2273 testatur:
1236 2216 1322 2294 quod

202 2331 303 2382 contra
332 2321 462 2380 Donatus
490 2321 517 2378 in
543 2319 611 2378 Ter.
639 2319 752 2378 Phorm.
778 2318 804 2378 ll
833 2318 869 2393 2,
898 2317 938 2378 25
967 2336 984 2376 e
1010 2327 1095 2376 sexto
1120 2319 1321 2396 fragmentum

202 2427 309 2484 citauit.
354 2424 483 2497 Quorum
506 2425 542 2484 de
566 2426 659 2502 prirno
682 2433 711 2482 et
737 2422 866 2482 secundo
889 2422 928 2481 nil
958 2424 1080 2500 contigit
1103 2443 1120 2482 e
1139 2424 1320 2502 fragmentis

202 2529 363 2608 dispicere:
388 2530 473 2589 tertio
496 2538 590 2589 autem
614 2529 810 2607 Scipionis
830 2545 935 2588 nomen
953 2528 1085 2606 praefixi.
1130 2528 1216 2590 Enim
1241 2551 1319 2592 uero

201 2644 297 2696 satura
320 2643 365 2694 est
387 2635 503 2713 Scipio:
534 2635 611 2712 quod
636 2632 704 2691 olim
725 2632 880 2692 Lerschius
902 2630 974 2690 Mus.
996 2631 1088 2692 Rhea.
1112 2634 1139 2691 V
1158 2636 1223 2696 416
1246 2656 1318 2716 pro·

200 2741 298 2819 posuit
323 2739 457 2818 quidem,
487 2739 538 2798 sed
567 2757 630 2799 cum
660 2739 739 2797 ueris
760 2738 834 2796 falsa
866 2746 895 2796 et
915 2739 1012 2814 inepta
1034 2740 1188 2815 misceret,
1216 2742 1319 2803 bonae

200 2845 387 2904 coniecturae
410 2861 509 2920 parurn
531 2837 599 2903 findi
619 2843 806 2920 comparauit.
852 2841 932 2918 Ergo
959 2861 976 2900 e
997 2844 1135 2921 Scipione
1158 2847 1213 2905 tria
1234 2848 1317 2925 frag·

199 2945 294 3006 inenta
320 2945 488 3006 adferuntur
513 2948 638 3007 diserte:
664 2948 721 3007 duo
747 2949 922 3024 septenariis
947 2949 1103 3008 trochaicis
1126 2951 1318 3013 decurrentia

200 3052 265 3130 (tv.
287 3049 344 3132 Vi:
371 3069 491 3129 quorum
520 3051 577 3111 hoc
600 3051 659 3130 (V)
687 3052 763 3130 quod
792 3052 904 3113 Gellius
926 3053 966 3113 lv
989 3056 1008 3114 7
1034 3057 1120 3116 tradit
1149 3075 1165 3115 e
1190 3058 1316 3120 ‘libro

200 3158 261 3234 qui
285 3157 415 3234 Scipio
443 3158 685 3217 inscribitur'
715 3158 915 3236 depromptum
938 3159 1021 3218 dicit:
1048 3159 1141 3235 unde,
1172 3180 1236 3221 cum
1262 3184 1316 3223 ue-

199 3270 279 3320 teres
307 3261 429 3340 quoduis
458 3280 575 3320 carmen
605 3263 692 3340 paulo
718 3262 833 3340 longius
862 3264 964 3323 librum
988 3264 1170 3342 adpellerent
1193 3268 1250 3344 (ci.
1275 3268 1313 3328 Ο.

197 3365 292 3426 dahnii
316 3384 416 3426 comm.
438 3369 466 3426 in
485 3367 565 3427 Pers.
589 3385 617 3445 p.
633 3367 683 3429 98.
707 3369 911 3430 Petermannus
931 3370 967 3430 de
991 3379 1086 3430 satura
1109 3371 1191 3430 Ennii
1212 3392 1240 3451 p.
1261 3375 1312 3454 3),

199 3474 254 3529 nou
277 3473 368 3548 magis
391 3472 518 3550 illisqui
544 3473 613 3531 olim
636 3475 815 3551 tragoediam
842 3475 982 3552 quandam
1006 3475 1172 3553 Scipionem
1202 3479 1311 3536 somni-

198 3583 280 3634 arent
304 3576 484 3637 obstaculum
515 3595 600 3654 quam
628 3578 712 3638 nobis
738 3583 786 3659 qui
819 3590 942 3642 saturam
973 3582 1095 3641 uelimus
1131 3582 1309 3659 praesidium

197 3683 347 3740 nascitur.¹
384 3682 510 3742 Tertium
538 3701 554 3741 e
585 3683 724 3760 Scipione
759 3703 874 3745 uersum
900 3685 1066 3745 Macrobius
1097 3686 1194 3746 citauit
1221 3686 1262 3747 vl
1288 3690 1307 3747 4

197 3803 226 3863 p.
258 3786 319 3845 519
347 3786 410 3844 Jan.
445 3797 499 3846 ium
524 3793 637 3863 ferreus
670 3793 755 3848 tastis
787 3794 894 3850 Horret
928 3811 995 3868 aper
1025 3794 1186 3871 [campique
1219 3800 1308 3852 armis

196 3893 352 3949 sublimibus
371 3896 478 3952 ardent.
502 3892 576 3950 Aen.
595 3890 635 3950 Xl
656 3893 713 3953 601
738 3895 808 3972 eqd.
852 3901 959 3956 Horret
978 3904 1047 3956 mire
1068 3917 1098 3956 se
1118 3902 1206 3958 habet.
1251 3903 1309 3958 Sed

198 4004 225 4052 et
244 3998 352 4054 Ennius
372 4002 401 4055 in
422 4003 645 4072 quartodecimo
669 3998 747 4078 [Vll]
776 4006 850 4059 etin
872 4006 1026 4062 Erechtheo
1049 4003 1113 4082 [Vl]
1145 4012 1171 4062 el
1195 4008 1224 4061 in
1243 4007 1302 4062 Sei-

191 4105 289 4173 pione:
316 4108 424 4174 cparsis
443 4107 530 4164 doado
552 4111 638 4180 Inopia
663 4123 778 4180 campus
805 4112 929 4181 splendet
955 4119 980 4167 et
1006 4113 1102 4167 horret
1119 4106 1202 4185 (vl).
1246 4108 1302 4167 Ru·

195 4202 239 4268 dis
265 4203 416 4264 admodum
447 4215 476 4265 et
504 4208 631 4270 insuauia
661 4211 685 4268 si
714 4210 757 4270 dis
786 4209 885 4288 placet
912 4212 1083 4273 hexameter
1117 4231 1202 4292 quem
1235 4215 1300 4274 inri-
