2784 4940
485 369 713 427 ΕΝΝΙΑΝΑΕ
1072 377 1161 424 xxxt

61 551 143 602 tutam
165 519 309 600 Troianae
332 537 503 598 calamitatis
523 543 648 596 aetatem
672 537 836 612 ignorasse,
860 535 1005 612 cognitam
1026 533 1104 594 illam
1132 540 1161 592 ct

60 648 218 723 adhibitam,
242 655 274 707 ιιι
295 646 438 719 nouimus,
462 641 498 710 ab
521 639 606 702 Ennii
627 642 762 721 aequale,
785 641 906 704 (latone.
951 639 997 701 Gi.
1022 640 1160 716 Scbwcg·

66 755 139 814 leras
161 753 179 813 l.
203 754 223 814 l.
248 772 278 833 p.
301 752 373 812 410.
397 749 473 825 Quid
495 747 609 825 igitur?
630 748 676 812 Nc
699 758 779 810 certa
807 747 1011 810 incertioribus
1029 747 1094 822 regi
1113 755 1161 806 ιιι

64 859 148 916 cuerti
167 857 325 935 patiamur,
356 856 464 918 Ennius
486 855 629 934 putandus
658 862 704 914 est
739 857 841 917 neseio
870 855 974 935 quibus
1002 845 1161 915 rationibus

66 971 108 1020 ant
127 981 207 1040 quem
229 966 411 1043 potissimum
434 973 583 1026 auctorem
603 971 720 1022 secutus
749 971 883 1043 tempore
911 971 967 1024 tam
999 961 1160 1020 remouiste

67 1066 161 1128 Troiae
182 1069 374 1132 calamitatem
398 1089 482 1152 quarn
507 1071 618 1132 Romae
642 1071 798 1149 primordia
820 1071 1013 1150 promouiste.

139 1173 240 1255 ltaque
263 1185 295 1236 ut
317 1176 420 1238 redeat
442 1179 559 1240 undem
582 1178 658 1239 uude
683 1175 804 1238 deflexit
829 1177 940 1250 oratio,
964 1173 1016 1234 llia
1039 1192 1093 1252 per
1121 1174 1161 1234 ia-

63 1280 167 1342 miliare
191 1281 259 1344 buic
283 1289 391 1361 politae
410 1285 513 1344 tomuli
529 1286 681 1348 artificium
695 1283 886 1345 calamitatem
900 1281 1053 1361 praeuidet
1065 1301 1160 1344 suam:

63 1405 140 1465 qnam
167 1388 311 1469 deinceps
339 1396 429 1469 poeta
461 1393 525 1470 ipse
554 1392 695 1454 narrauit:
727 1407 784 1450 uon
810 1389 885 1450 adeo
913 1407 1003 1470 parce
1031 1388 1161 1451 Ouidium

64 1493 84 1550 si
114 1495 192 1555 audis
223 1495 311 1558 Trist.
343 1496 370 1559 ll
402 1495 480 1559 259:
518 1505 667 1575 mtmpsecit
695 1503 827 1562 nuncies:
858 1499 940 1568 (naid
968 1506 1008 1556 est
1031 1500 1164 1556 Ιιιννιιιίνε

63 1604 140 1671 itlisr)
173 1606 263 1664 Foeta
295 1609 330 1664 ait
361 1611 435 1666 mode
460 1623 569 1682 parens
595 1607 650 1664 Itio
673 1623 771 1682 merope
802 1610 870 1681 tepet
892 1600 1044 1683 (XXXV).
1083 1601 1162 1664 lllam

65 1703 205 1768 Vestalem
230 1708 324 1768 luisse
347 1705 454 1771 Cicero
477 1709 513 1772 de
536 1711 594 1772 diu.
618 1710 631 1770 l
653 1709 705 1787 20,
727 1712 767 1772 40
795 1710 917 1787 iudicat,
947 1710 976 1770 iu
999 1699 1085 1789 quem
1105 1726 1163 1770 nou

65 1809 111 1870 luit
132 1815 224 1892 ipsum
248 1833 354 1875 comen
376 1813 448 1878 Iliae
470 1819 663 1883 coniectando
683 1817 872 1878 inferendum.

143 1919 210 1982 Post
231 1932 346 2001 parturn
366 1923 394 1982 iu
416 1922 543 1985 Tiberim
565 1925 751 2005 praecipitari
774 1923 888 1984 iubetur
910 1940 1015 2003 arege
1032 1923 1162 1984 Albano·

67 2042 121 2084 rum
138 2027 279 2105 Amulio,
307 2029 456 2109 inquom,
488 2041 517 2092 ut
535 2040 598 2092 erat
619 2031 791 2092 tralaticium
810 2049 864 2110 per
890 2029 1000 2092 ltaliam
1029 2040 1163 2106 tyranuu-

69 2149 258 2213 monumen,
281 2134 403 2198 Ennium
425 2155 544 2218 quoque
570 2140 682 2214 tyranni
706 2139 787 2198 uices
816 2137 975 2200 contulisse
1001 2138 1163 2217 Porphyrio

71 2235 96 2294 in
110 2237 174 2299 llor.
200 2239 297 2304 carm.
320 2242 385 2320 12,
412 2243 449 2304 18
472 2246 556 2305 testis
579 2254 624 2306 cst
646 2242 840 2325 (xxxvlll).
884 2244 977 2306 Ennio
998 2249 1165 2327 praeiuerat

71 2339 201 2425 Naeuius,
235 2351 261 2410 si
291 2367 362 2410 uera
392 2359 453 2426 est,
484 2369 568 2430 quam
591 2350 767 2414 Niebubrius
793 2350 865 2410 llist.
895 2349 978 2412 Rom.
1008 2354 1021 2415 1
1050 2374 1077 2435 p.
1105 2355 1164 2418 120

72 2450 203 2531 probauit,
223 2455 379 2517 llerrnauni
401 2454 496 2518 Elem.
521 2458 614 2520 doctr.
638 2469 722 2520 metr.
749 2477 778 2538 p.
801 2458 859 2520 631
886 2460 1064 2523 coniectura.
1103 2461 1163 2524 Sed

70 2555 91 2614 is
110 2576 189 2636 quam
213 2581 278 2624 uam
306 2565 489 2641 cognationis
518 2567 659 2627 rationem
682 2585 745 2626 curu
773 2565 874 2625 Acuca
897 2573 927 2625 et
947 2565 999 2628 llia
1021 2567 1163 2643 babuerit,

69 2665 128 2724 mibi
152 2669 322 2747 obscurum,
348 2679 378 2730 ut
399 2670 452 2732 luit
473 2669 634 2734 Niebubrio
654 2671 727 2732 illst.
750 2671 833 2732 Rom.
854 2670 866 2731 l
884 2689 912 2750 p.
936 2655 1004 2734 1211.
1038 2673 1083 2732 De
1106 2690 1164 2752 quo

68 2774 156 2832 missis
168 2775 287 2837 aliorum
305 2779 473 2838 commentis
496 2795 579 2862 uuam
591 2777 712 2855 llbergii
730 2781 785 2840 mci
810 2780 999 2857 suspitionem
1016 2782 1163 2858 attingam,

69 2876 204 2942 Amulium
226 2882 384 2946 Ennianum
413 2901 481 2946 esee
503 2885 625 2948 Aeneae
654 2885 741 2947 filium
771 2885 941 2946 conicientis
957 2903 985 2964 p.
1005 2885 1055 2948 26.
1101 2886 1164 2950 Hoc

70 2985 139 3044 euim
157 2985 357 3067 Apollodorus
380 2991 408 3050 iu
429 2989 581 3054 Euxenide
599 2993 691 3073 (apud
712 2990 829 3052 Festum
852 3007 880 3069 p.
906 2989 1041 3071 26611.)
1071 2999 1164 3054 Aenea

70 3101 93 3147 et
116 3097 229 3156 uanum
255 3108 336 3160 actua
359 3102 507 3176 Mayllem,
533 3102 657 3171 Mutum,
681 3102 870 3176 Rbumnmque
894 3109 975 3176 utpute
995 3102 1031 3158 ob
1059 3103 1165 3160 liltomo

71 3199 127 3254 arbi
151 3208 265 3264 tractum
289 3223 397 3266 nomeu.
431 3205 596 3267 bloustrosa
615 3207 729 3268 nomina
750 3215 837 3285 atque
859 3205 999 3277 inaudita,
1025 3203 1165 3283 equibus

72 3298 116 3358 ille
136 3305 285 3370 adiuuante
299 3310 453 3374 Plutarcho
471 3312 585 3374 Romuli
600 3332 627 3373 c.
650 3311 668 3372 2
691 3313 722 3375 ol
740 3310 787 3389 db,
809 3311 952 3391 Αἰμιλίαν
972 3301 1028 3390 τὴν
1044 3311 1166 3374 Αἰνείου

75 3405 117 3466 καὶ
130 3415 289 3494 Λαβινίας,
309 3410 392 3499 ”Aput
413 3419 642 3499 συγγενομένην,
667 3417 811 3478 subtiliter
831 3418 906 3480 baec
928 3425 1022 3480 Aeueu
1041 3431 1066 3478 et
1081 3424 1164 3478 Lecti

74 3518 115 3572 nio
139 3530 215 3582 octos
236 3527 395 3597 Aemiliam,
422 3529 557 3586 Amulium
582 3542 608 3584 e.
630 3542 658 3603 q.
683 3543 707 3584 s.
732 3523 863 3586 elicuttt
904 3524 1005 3605 ltaque
1027 3544 1045 3584 e
1067 3524 1165 3584 Latina

75 3617 130 3694 (uel
144 3628 237 3702 potius
250 3626 380 3707 Albana)
397 3630 521 3708 coniuge
538 3630 575 3693 ab
589 3627 691 3692 Acuca
706 3641 873 3711 susceptum
884 3630 1028 3692 Amulium
1045 3631 1165 3692 arbitra·

76 3730 123 3782 tur.
155 3729 189 3792 itt
210 3735 310 3794 mirum
325 3733 373 3794 ubi
391 3753 408 3794 c
427 3735 539 3814 uulgari
559 3741 722 3800 narratione
742 3739 928 3800 intercalatae
941 3737 1075 3798 consulto
1092 3739 1165 3798 iuter

76 3827 190 3898 Aeneam
213 3849 242 3902 et
258 3840 402 3901 Amulium
426 3851 537 3903 aetates
562 3846 722 3920 exemeris,
750 3845 881 3907 Amulius
902 3848 930 3906 iu
953 3845 1047 3904 locum
1071 3843 1164 3920 Siluii,

76 3932 182 4002 Aeneae
202 3964 218 4006 c
242 3945 340 4009 Latina
364 3966 454 4008 uxore
476 3950 541 4027 lilii,
565 3951 707 4012 succedit.
747 3951 785 4012 At
805 3970 839 4012 ea
863 3954 974 4012 ratione
997 3969 1060 4011 cum
1076 3971 1164 4031 quae·

84 4097 272 4121 “””·““·-ι-ι-ιι-

137 4209 234 4268 *ldem
262 4221 336 4271 uideo
362 4221 550 4289 Sebweglerum
576 4201 740 4274 miseconi.
766 4228 774 4274 l
798 4241 824 4291 p.
854 4226 904 4276 402
934 4227 1087 4290 coniecisse,
1117 4227 1166 4274 uisi

77 4298 136 4354 l¹¹⁰d
153 4301 177 4350 in
194 4303 292 4356 llulus
311 4309 461 4360 delitescere
479 4309 644 4360 Romulum
663 4311 822 4376 probabilius
834 4311 871 4362 illi
889 4312 999 4361 uidetur.
