2752 4944
212 357 254 422 10
645 355 880 412 ANNALIVM

313 527 481 621 Conspicit
500 526 576 598 inde
597 525 659 596 sibi
681 523 761 594 data
780 523 945 594 Romulus
966 545 1044 595 esse
1065 523 1181 616 priora,
1361 471 1362 514 d

314 633 474 726 Auspicio
497 628 594 722 regni
613 627 757 699 stabilita
777 647 913 698 scamna
933 629 1119 721 solumque.

713 779 819 852 LVIII

229 915 288 976 100
315 906 383 973 Nec
400 903 457 995 pol
476 903 575 972 homo
596 903 772 996 quisquam
789 901 887 972 societ
906 899 1030 990 inpune
1050 898 1209 970 armatus

316 1008 387 1078 Hoc
405 1006 468 1076 nisi
485 1011 537 1076 tu:
564 1029 641 1076 nam
657 1006 701 1075 mi
721 1005 828 1076 calido
847 1005 908 1076 das
926 1004 1091 1096 sangiune
1112 1025 1245 1094 poenas.

314 1280 400 1350 Astu
422 1301 488 1348 non
509 1276 544 1346 ui
566 1299 640 1346 suro
663 1299 824 1347 sunrnram
847 1297 984 1346 seruare
1005 1277 1100 1348 decet
1121 1299 1198 1347 rem.

736 1431 796 1502 nx

316 1551 477 1644 virginis.
504 1571 580 1620 nam
597 1549 659 1618 siu
679 1550 820 1643 quaque
841 1549 930 1618 domi
947 1516 1119 1622 romanus
1138 1552 1235 1622 rara
1252 1574 1312 1621 sas.

714 1699 819 1773 LXI*

315 1840 454 1913 Seruius
478 1837 511 1907 in
530 1835 654 1930 Georg.
683 1839 711 1908 Π
734 1849 795 1912 384
829 1840 1008 1912 ‘Romulus
1032 1863 1109 1910 cum
1134 1840 1313 1912 aedificaret
1362 1903 1363 1920 ,

213 1945 302 2017 Iouis
322 1941 519 2037 [templum]‚
553 1942 659 2032 pelles
680 1947 798 2014 unctas
820 1946 937 2015 strauiI
962 1949 995 2015 et
1021 1946 1069 2014 sic
1088 1945 1186 2015 ludos
1211 1944 1311 2025 edidit,

212 2052 250 2119 ut
278 2053 311 2120 et
337 2047 502 2118 caestibus
531 2043 723 2116 dimicarent
755 2051 787 2116 et
812 2070 913 2117 cursu
937 2048 1188 2133 contenderent,
1224 2069 1311 2140 quarn

213 2175 282 2222 rcnr
304 2153 431 2222 Ennius
453 2149 486 2218 in
507 2149 681 2219 annalibus
703 2152 863 2221 testatur!

695 2303 784 2374 LXII
797 2301 839 2340 ¹²*

315 2421 537 2515 Confrictique
554 2422 629 2492 oleo
648 2423 761 2493 lentati
779 2427 812 2493 et
828 2423 870 2494 ad
886 2443 978 2494 arma
996 2423 1102 2526 parati

211 2626 290 2690 tiquis
308 2625 383 2675 codd.
403 2632 476 2673 sexto
492 2623 557 2673 libro
575 2626 701 2675 antecedit
719 2627 890 2691 0001111100-
909 2624 952 2675 hic
965 2625 1001 2676 VI
1015 2621 1045 2687 3)
1115 2625 1198 2676 LVIII
1224 2625 1313 2674 Macro

213 2698 271 2746 hius
284 2695 338 2746 Sat.
352 2696 387 2744 VI
403 2694 417 2744 l
432 2709 458 2758 p.
472 2691 593 2744 400100.
620 2698 661 2744 ‘tu
678 2706 764 2746 tamen
782 2697 879 2746 interea
897 2696 980 2746 calido
1000 2693 1064 2743 mihi
1080 2695 1206 2760 sanguiue
1225 2708 1312 2760 poenas

212 2766 355 2816 Persolues.
382 2761 457 2827 [Aen.
475 2762 511 2811 IX
526 2763 586 2826 422]
611 2763 707 2814 Fannius
721 2768 746 2816 in
762 2768 844 2831 prirno
859 2802 865 2814 .
883 2801 889 2814 .
904 2767 920 2813 .’
952 2763 1057 2814 Seruius
1078 2765 1104 2813 in
1127 2767 1191 2816 Aeo.
1213 2765 1250 2814 IX
1269 2765 1312 2813 422

213 2835 311 2884 ‘calido
326 2833 389 2882 mihi
402 2833 526 2896 sauguine
541 2848 646 2897 poenas.
672 2836 768 2885 Ennius
782 2836 807 2884 in
820 2835 921 2900 primo:
939 2836 1010 2883 nam’
1028 2848 1113 2895 e.q.s.
1183 2834 1243 2884 LIX
1260 2835 1312 2884 Fes-
1363 2873 1364 2880 ,

213 2913 253 2954 tus
268 2919 293 2969 p.
308 2900 360 2954 298
374 2902 407 2951 Μ.
429 2903 510 2950 ‘sum
523 2917 570 2968 pro
584 2919 641 2952 eum
654 2919 716 2954 usus
731 2912 769 2954 est
783 2905 880 2954 Ennius
894 2903 921 2953 Ii.
939 2905 950 2952 I
966 2941 972 2952 .
989 2939 995 2953 .
1012 2904 1029 2951 .'
1046 2903 1159 2968 (errius
1179 2901 1251 2967 cod.)

212 2974 258 3022 LX
284 2974 373 3022 Festus
391 2986 417 3036 p.
433 2969 484 3021 325
497 2972 531 3021 Μ.
558 2975 628 3022 ‘sas
648 2975 754 3024 Verrius
775 2983 847 3040 putat
866 2972 1012 3038 sIgniflcara
1033 2987 1077 3022 eas
1095 2980 1159 3023 teste
1177 2975 1258 3024 Ennio
1278 2972 1312 3035 qui

214 3045 275 3094 dicit
291 3044 317 3091 In
331 3043 349 3090 l.
363 3043 389 3092 I:
408 3041 536 3106 uIrgiues'
552 3057 575 3092 e.
592 3059 617 3106 q.
633 3058 655 3092 s.
675 3048 748 3094 ‘curn
760 3059 821 3094 suas
837 3044 920 3108 magis
934 3042 1080 3108 significare
1091 3043 1227 3093 uideatur:
1254 3044 1312 3092 Pau·

214 3111 400 3177 ruspaaru.
422 3114 503 3170 ‘sas,
523 3127 592 3160 suas.
625 3113 734 3163 Ennius:
755 3111 882 3179 uirgines’
907 3129 929 3162 e.
946 3129 970 3176 q.
987 3128 1008 3161 s.
1080 3112 1152 3162 LXII
1170 3113 1313 3163 Seruiusiu

214 3179 397 3232 1010111384
422 3183 460 3229 ‘et
478 3181 581 3243 quidam
602 3181 781 3233 lentandus
799 3197 865 3232 noue
883 3183 990 3231 uerbum
1004 3181 1090 3230 fictum
1107 3189 1210 3247 putant,
1234 3182 1313 3232 sedin

213 3251 347 3302 annalibus
367 3249 473 3315 tegitur:
503 3251 785 3320 confricatioleo
806 3253 929 3302 lentati
952 3253 1138 3316 paratique
1159 3253 1196 3302 ad
1214 3251 1313 3302 arma-¹

212 3322 287 3371 Ennii
306 3319 409 3370 annales
423 3320 567 3384 sospitatur
581 3320 608 3370 ὓ.
625 3321 744 3372 Barthios
759 3323 939 3373 adCIaudian.
955 3322 1030 3372 cons.
1045 3321 1116 3372 Mati.
1132 3324 1176 3374 42.
1202 3323 1258 3372 Huc
1271 3329 1314 3372 ret-

253 3500 290 3556 98
314 3511 379 3552 esse
404 3495 499 3566 priora
525 3497 614 3570 uulqo.
643 3497 785 3568 propriam
812 3496 892 3552 Vord.
913 3497 975 3552 Eri.
1083 3503 1135 3556 100
1166 3513 1223 3552 non
1249 3495 1313 3550 Por.

211 3581 310 3638 Satist.
416 3587 467 3640 101
482 3581 549 3650 nisi]
572 3599 663 3652 neque
677 3581 790 3640 Merula
831 3631 837 3642 .
874 3583 911 3638 nri
926 3599 977 3637 om.
994 3581 1092 3639 Satist.
1181 3578 1255 3636 dabi'
1278 3583 1315 3635 ‘ia

210 3666 442 3722 oraScm'ucriaur'
454 3667 523 3722 cod.'
548 3666 685 3724 Macrobii
699 3666 901 3733 testePoatoau
919 3665 1031 3723 Merula
1117 3673 1168 3730 102
1187 3671 1250 3722 astu
1263 3681 1315 3720 non

211 3753 251 3820 ui]
269 3758 297 3808 at
310 3757 339 3808 tu
353 3767 411 3806 non
425 3756 454 3806 ut
469 3751 528 3806 cod.
543 3758 571 3807 at
588 3757 613 3806 te
628 3769 682 3808 non
702 3758 730 3806 ut
745 3751 885 3808 Columna.
905 3758 934 3806 at
956 3759 981 3806 te
999 3768 1056 3808 uon
1072 3751 1181 3812 Tatium
1196 3750 1315 3822 Scatryer

295 3852 433 3892 srunmarn
453 3836 577 3892 Vrsinus.
594 3854 702 3892 summa
716 3838 775 3892 cod.
816 3837 860 3909 Of.
872 3837 970 3893 Aescu.
980 3836 1076 3893 Prom.
1087 3841 1140 3897 214
1156 3823 1195 3904 ὡς
1205 3821 1241 3891 od
1252 3821 1314 3890 κατ’

210 3908 294 3996 ἰσχὺν
315 3905 385 3978 oddt
405 3905 479 3996 πρὸς
499 3908 531 3976 τὸ
547 3908 688 3998 καρτερὸν
703 3916 798 3996 χρείη,
819 3912 897 4002 δόλῳ
917 3914 949 3978 δὲ
964 3907 1033 3990 τοὺς
1053 3908 1230 3998 ὑπερτέρους
1246 3938 1315 3995 κρα-

208 4007 269 4062 τεῖν
377 4010 430 4065 103
451 4007 569 4078 uirginis
587 4008 785 4078 stuc-uirgine.
806 4024 870 4064 nam
891 4007 1087 4064 Luchmaauus
1109 4008 1148 4063 ud
1163 4005 1251 4062 Lacr.
1280 4002 1318 4060 VI

210 4093 287 4152 1067.
307 4092 432 4163 uirgines
448 4108 513 4147 nam
525 4093 631 4161 Festus,
647 4092 753 4148 Paulus
859 4096 911 4154 104
925 4092 1108 4163 contrictique
1124 4091 1163 4146 Η.
1174 4090 1315 4162 Ilberaucs.

209 4177 353 4232 contricati
371 4175 488 4234 Seruius
570 4184 599 4233 et
619 4177 656 4234 ad
681 4195 760 4234 arma
780 4179 870 4252 parati
891 4177 929 4232 Π.
944 4176 1091 4250 Ilberyr'us.
1115 4179 1261 4250 paratique
1281 4175 1317 4230 ad

209 4279 288 4318 arma
303 4261 420 4318 Secutus
