2752 4944
180 363 313 412 uxxxvr
584 347 894 419 QVAESTIONES

179 521 313 582 rietatem
341 515 444 576 subeat
466 515 502 576 de
531 523 627 574 satura
654 513 793 590 cogitatio
811 527 863 564 0²-
884 527 979 588 oeque
1001 511 1076 570 enim
1095 511 1145 588 qni
1170 509 1310 568 indolem

180 635 295 686 saturae
317 621 466 682 Sinnianae
481 623 632 698 cognorit,
653 617 798 678 infandum
818 613 953 676 clamabit
974 623 1069 674 tautae
1088 613 1189 674 laudis
1210 616 1310 672 uirum

180 733 208 792 in
230 738 327 790 satura
345 728 507 806 praedicari
523 759 564 770 --
578 736 636 786 tom
658 725 772 785 adiuuat
795 720 984 798 suspitionem
1002 720 1191 778 coniunctum
1209 721 1310 798 quod-

182 840 246 898 dam
268 834 354 895 Nonii
377 830 589 909 Ciceronisque
612 831 822 890 testimonium:
846 842 968 903 quorum
989 823 1040 883 ille
1063 842 1139 902 quae
1165 826 1267 884 uerba
1293 845 1312 884 e

179 945 265 1006 tertio
288 951 451 1002 saturarum
467 939 565 998 citauit
585 945 686 996 testes
707 945 789 995 sunt
801 939 884 994 Lati
901 937 1017 1006 campi
1030 951 1097 1006 quos
1109 939 1188 1008 perit
1200 937 1314 1009 Africa

182 1061 261 1112 erro
279 1055 393 1125 politos,
417 1063 452 1104 ea
476 1063 492 1102 e
516 1042 661 1102 Cicerone
682 1037 904 1117 gloriabundum
929 1036 966 1096 dc
986 1054 1019 1094 se
1041 1036 1218 1116 Scipionem
1243 1041 1312 1100 edi-

184 1155 263 1216 ttsse
285 1152 455 1228 conligitnr:
475 1147 512 1206 de
536 1146 583 1205 liu.
598 1146 626 1208 b.
653 1156 682 1206 et
704 1165 741 1205 ur.
765 1144 792 1204 ll
814 1144 871 1219 32,
898 1142 957 1202 too
978 1149 1069 1219 itaque
1089 1147 1199 1204 occisor
1222 1151 1311 1222 Afri-

183 1277 271 1320 canus
292 1239 468 1332 computruit
489 1258 534 1312 illo
556 1257 634 1313 modo
654 1259 767 1329 loquens
794 1253 900 1310 ‘denne
920 1229 1010 1308 Roma
1031 1259 1091 1308 tuos
1111 1249 1231 1315 bostis&
1261 1270 1309 1308 re-

182 1372 309 1441 licuaque
327 1364 485 1437 praeclare.
524 1359 609 1422 ‘Nom
632 1363 678 1418 tibi
696 1363 862 1416 munimento
884 1360 937 1414 mei
953 1373 1093 1430 peperere
1111 1359 1252 1414 labores?
1281 1365 1314 1414 et

184 1470 221 1530 de
243 1475 316 1528 orat.
340 1465 380 1524 lll
394 1464 452 1540 42,
475 1463 533 1523 167
556 1468 678 1522 ornandi
695 1481 781 1522 cauca
793 1467 940 1536 propriam
954 1466 1074 1534 proprio
1090 1471 1313 1520 commutatum.-

184 1579 290 1634 ‘dcsine
309 1605 345 1615 -·-
368 1574 479 1635 boatis’5
502 1577 528 1628 et
549 1573 675 1627 ‘testes
693 1575 775 1626 suat
796 1573 915 1642 campi
934 1567 1069 1642 mapmss'
1106 1565 1190 1625 llaec
1208 1569 1313 1626 omnia

186 1673 293 1734 Glcero
317 1689 354 1731 ex
369 1672 462 1733 llunio
485 1689 570 1752 quem
593 1689 651 1732 nou
673 1673 800 1732 nominat
822 1671 970 1732 delibauit.
1019 1671 1083 1732 Nec
1105 1673 1153 1749 qui
1174 1671 1311 1732 Cicero-

187 1796 253 1840 nem
267 1778 381 1836 noncrit
396 1788 425 1838 et
439 1797 495 1858 qua
512 1779 624 1838 ratione
645 1787 762 1838 ueteres
787 1777 877 1836 citare
898 1785 1033 1838 auctores
1050 1776 1156 1852 soleat,
1178 1779 1311 1838 multum

186 1888 215 1946 in
234 1882 359 1943 lenioula
382 1901 456 1961 quae
480 1893 524 1942 est
550 1886 578 1942 in
601 1890 694 1958 campi
713 1889 808 1958 mapni
828 1891 857 1942 et
880 1888 929 1942 loti
947 1889 1041 1957 campi
1062 1882 1219 1942 uocabulis
1246 1887 1310 1945 dis-

187 1989 334 2068 crepantia
357 1987 504 2047 haerebit:
529 2006 592 2047 cum
609 1990 779 2067 pracsertim
804 1990 881 2048 citati
902 1989 938 2048 ab
960 1988 1055 2048 Nonio
1077 1993 1183 2048 ‘testes
1208 1990 1253 2050 illi
1278 1993 1310 2048 iu

187 2095 414 2172 Africacampi’
431 2095 558 2153 nesciam
581 2111 638 2172 quo
655 2094 748 2172 aptius
773 2110 857 2170 quarn
879 2095 914 2154 ad
931 2095 1099 2173 Scipionem
1121 2093 1306 2153 referantur.

187 2203 250 2276 Qua
275 2219 307 2260 re
337 2217 401 2259 cum
429 2200 543 2258 tertium
569 2209 729 2260 saturarum
753 2199 856 2259 librum
878 2202 933 2260 iam
958 2217 1015 2259 non
1039 2199 1128 2260 liceat
1150 2199 1308 2276 Scipionis

190 2305 323 2367 laudibus
341 2303 526 2378 defraudare,
551 2305 661 2382 quidni
684 2306 778 2365 eidem
799 2316 858 2366 tres
881 2307 1053 2385 cScipionc
1077 2322 1152 2382 quae
1175 2306 1308 2364 citantur

188 2412 328 2490 reliquias
350 2405 551 2470 ascribamus?
585 2406 673 2469 Cuius
696 2422 812 2472 saturae
836 2430 894 2489 ego
917 2413 992 2472 hanc
1013 2411 1080 2471 mihi
1102 2410 1237 2487 speciem
1262 2409 1307 2464 iu-

187 2516 326 2592 lormaui,
352 2525 382 2575 ut
403 2523 491 2593 poeta
514 2533 571 2573 non
599 2533 713 2576 omnem
735 2518 881 2596 Scipionis
905 2521 992 2579 uitam
1018 2515 1218 2596 percurrerit,
1250 2513 1307 2572 sed

190 2623 228 2682 ob
247 2637 296 2681 res
319 2624 346 2681 iu
368 2621 468 2680 Africa
488 2621 658 2681 felicissime
680 2631 779 2699 gestas
802 2622 971 2682 familiarem
995 2619 1050 2678 sibi
1074 2620 1179 2680 docem
1200 2621 1304 2696 singn-

189 2730 242 2790 lari
267 2729 392 2788 carmine
415 2735 591 2804 prosecutus
614 2731 660 2787 sit.

273 2831 374 2892 Nexus
400 2850 434 2892 ac
462 2849 566 2891 sensus
590 2833 776 2911 reliquiarum
804 2851 878 2911 quae
907 2834 942 2893 ad
963 2832 1130 2911 Scipionem
1154 2831 1307 2908 pertinent

189 2938 255 2998 lere
278 2937 305 2993 in
328 2946 431 3015 aperto
455 2947 508 2996 est.
553 2935 594 2996 lta
617 2936 661 2995 his
685 2937 818 2996 uersibus
836 2943 955 2997 mundus
975 2943 1046 2996 coeti
1067 2945 1164 2996 uastas
1185 2943 1308 2994 constitit

191 3047 296 3100 silentio
318 3059 344 3100 e.
370 3059 398 3119 q.
424 3059 448 3098 s.
473 3041 544 3121 (tv)
574 3059 638 3100 cum
665 3044 713 3104 alii
745 3054 803 3102 tum
826 3044 954 3103 llitterus
984 3043 1129 3102 intellexit
1151 3043 1305 3120 Scipionis

192 3148 219 3204 in
242 3145 369 3204 Africam
391 3148 604 3224 nauigationem
623 3148 756 3227 depingi:
781 3147 856 3208 conl.
879 3149 961 3208 Liuio
983 3147 1106 3208 XXVlll
1127 3150 1166 3208 tl'l
1183 3155 1303 3224 ipse...

188 3255 333 3328 profectus
361 3259 508 3328 tranquillo
536 3260 610 3312 mari
635 3259 785 3328 plurimum
806 3262 902 3326 remis,
935 3244 1072 3315 interdum
1094 3263 1119 3314 et
1140 3261 1196 3314 leni
1219 3261 1303 3316 adiu-

190 3365 274 3418 eante
303 3366 384 3415 uento
419 3365 447 3417 in
480 3364 607 3434 Africam
639 3365 752 3419 traiecit.
801 3359 1004 3436 Fragmentum
1043 3360 1164 3420 alterum
1202 3368 1305 3437 quique

186 3473 306 3539 propter
327 3463 503 3523 Hannibalis
520 3473 614 3539 coptos
636 3470 792 3524 constiterat
814 3466 871 3544 (V)
895 3467 1021 3526 fortasse
1045 3456 1140 3526 locum
1162 3467 1191 3524 in
1213 3465 1303 3544 adpa-

193 3578 255 3628 ratu
279 3568 385 3646 proelii
404 3569 517 3629 habuit:
547 3571 660 3629 tertium
681 3578 791 3647 sparsis
811 3577 898 3632 lastis
920 3589 946 3631 e.
972 3591 1000 3651 q.
1026 3591 1049 3630 s.
1074 3571 1147 3652 (Vl)
1177 3591 1215 3631 ex
1234 3574 1301 3651 ipso

195 3683 337 3752 sumptum
367 3678 534 3734 certamine.
579 3675 700 3738 Relicua
723 3679 759 3739 ad
782 3678 884 3738 laudes
900 3678 1064 3737 referuntur
1088 3678 1124 3738 ab
1149 3679 1215 3756 ipso
1238 3679 1301 3737 Sci-

194 3781 281 3858 pione
304 3780 339 3839 de
360 3798 392 3839 se
415 3782 612 3859 praedicatas:
635 3790 727 3844 desine
742 3789 831 3844 Roma
853 3794 912 3843 taos
930 3788 1013 3843 tostis
1029 3819 1071 3831 -
1087 3805 1152 3843 nom
1172 3789 1220 3842 titt
1240 3805 1301 3843 mu-

193 3893 312 3945 nimento
337 3892 391 3945 mei
406 3903 546 3962 peperere
568 3892 676 3950 labores
701 3925 736 3934 -
764 3901 842 3949 testes
863 3899 926 3948 sunl
945 3893 1009 3948 tati
1027 3897 1120 3965 campi
1141 3909 1210 3966 quos
1232 3898 1304 3966 gerii

193 3994 293 4066 Africo
315 4001 391 4050 terra
406 3998 506 4068 politos
529 3991 597 4071 (X).
643 3992 725 4066 Quos
745 4013 847 4054 uersus
870 3993 998 4052 llitterus
1020 3994 1039 4052 l.
1062 3995 1082 4054 l.
1106 4014 1134 4073 p.
1151 3993 1212 4054 394
1235 4013 1300 4072 per-

196 4097 347 4156 commode
376 4098 418 4156 eis
453 4097 628 4173 inlustrant,
663 4118 737 4178 quae
765 4099 861 4158 Liuius
892 4087 1044 4158 XXXVlll
1072 4100 1112 4160 50
1144 4100 1298 4178 perbibuit,
1323 4094 1325 4096 ’

197 4198 363 4277 Scipionem
385 4202 426 4279 (a.
450 4221 477 4259 u.
503 4221 527 4262 c.
546 4203 624 4284 565>
647 4223 663 4263 a
686 4204 795 4264 Petiliis
816 4207 844 4263 iu
865 4206 910 4264 ius
933 4214 1066 4266 uocatum
1084 4213 1143 4266 siae
1166 4213 1223 4268 atta
1244 4213 1299 4266 cm·-
