<?xml version="1.0" encoding="UTF-8"?>
<!DOCTYPE html PUBLIC "-//W3C//DTD XHTML 1.0 Transitional//EN"
    "http://www.w3.org/TR/xhtml1/DTD/xhtml1-transitional.dtd">
<html xmlns="http://www.w3.org/1999/xhtml" xml:lang="en" lang="en">
 <head>
  <title>
</title>
<meta http-equiv="Content-Type" content="text/html;charset=utf-8" />
  <meta name='ocr-system' content='tesseract 3.04.00' />
  <meta name='ocr-capabilities' content='ocr_page ocr_carea ocr_par ocr_line ocrx_word'/>
</head>
<body>
  <div class='ocr_page' id='page_1' title='image "./ennianaepoesisr02ennigoog_0200.png"; bbox 0 0 2770 4946; ppageno 0'>
   <div class='ocr_carea' id='block_1_1' title="bbox 487 355 729 444">
    <p class='ocr_par' dir='ltr' id='par_1_1' title="bbox 487 355 729 444">
     <span class='ocr_line' id='line_1_1' title="bbox 487 355 729 444; baseline -0.008 -12"><span class='ocrx_word' id='word_1_1' title='bbox 487 355 729 444; x_wconf 79' lang='lat' dir='ltr'><strong>autrovrnr</strong></span> 
     </span>
    </p>
   </div>
   <div class='ocr_carea' id='block_1_2' title="bbox 589 542 630 612">
    <p class='ocr_par' dir='ltr' id='par_1_2' title="bbox 589 542 630 612">
     <span class='ocr_line' id='line_1_2' title="bbox 589 542 630 612; baseline 0 0"><span class='ocrx_word' id='word_1_2' title='bbox 589 542 630 612; x_wconf 94' lang='lat' dir='ltr'><strong>lll</strong></span> 
     </span>
    </p>
   </div>
   <div class='ocr_carea' id='block_1_3' title="bbox 85 627 1062 861">
    <p class='ocr_par' dir='ltr' id='par_1_3' title="bbox 85 627 1062 861">
     <span class='ocr_line' id='line_1_3' title="bbox 85 627 1062 754; baseline -0.013 -15"><span class='ocrx_word' id='word_1_3' title='bbox 85 679 124 739; x_wconf 82' lang='lat'><strong>70</strong></span> <span class='ocrx_word' id='word_1_4' title='bbox 152 669 222 738; x_wconf 88' lang='lat' dir='ltr'><strong>lam</strong></span> <span class='ocrx_word' id='word_1_5' title='bbox 244 627 369 737; x_wconf 77' lang='lat' dir='ltr'><strong>dodim</strong></span> <span class='ocrx_word' id='word_1_6' title='bbox 392 664 434 734; x_wconf 89' lang='lat' dir='ltr'><strong>ab</strong></span> <span class='ocrx_word' id='word_1_7' title='bbox 456 662 544 732; x_wconf 88' lang='lat' dir='ltr'><strong>ludis</strong></span> <span class='ocrx_word' id='word_1_8' title='bbox 569 660 697 730; x_wconf 79' lang='lat' dir='ltr'><strong>animus</strong></span> <span class='ocrx_word' id='word_1_9' title='bbox 718 662 818 754; x_wconf 83' lang='lat' dir='ltr'><strong>atque</strong></span> <span class='ocrx_word' id='word_1_10' title='bbox 840 656 939 729; x_wconf 76' lang='lat' dir='ltr'><strong>aures</strong></span> <span class='ocrx_word' id='word_1_11' title='bbox 962 659 1062 727; x_wconf 77' lang='lat' dir='ltr'><strong>aneni</strong></span> 
     </span>
     <span class='ocr_line' id='line_1_4' title="bbox 153 765 678 861; baseline -0.019 -19"><span class='ocrx_word' id='word_1_12' title='bbox 153 771 265 842; x_wconf 88' lang='lat' dir='ltr'><strong>Auide</strong></span> <span class='ocrx_word' id='word_1_13' title='bbox 286 766 499 861; x_wconf 78' lang='lat' dir='ltr'><strong>expectantes</strong></span> <span class='ocrx_word' id='word_1_14' title='bbox 518 765 678 834; x_wconf 86' lang='lat' dir='ltr'><strong>nuntium.</strong></span> 
     </span>
    </p>
   </div>
   <div class='ocr_carea' id='block_1_4' title="bbox 155 899 1167 1196">
    <p class='ocr_par' dir='ltr' id='par_1_4' title="bbox 155 899 1167 1196">
     <span class='ocr_line' id='line_1_5' title="bbox 155 899 1167 1174; baseline -0.01 -94"><span class='ocrx_word' id='word_1_15' title='bbox 155 1007 333 1081; x_wconf 82' lang='lat' dir='ltr'><strong>Hominem</strong></span> <span class='ocrx_word' id='word_1_16' title='bbox 351 1005 512 1099; x_wconf 87' lang='lat' dir='ltr'><strong>appellat:</strong></span> <span class='ocrx_word' id='word_1_17' title='bbox 540 899 637 1097; x_wconf 53' lang='grc' dir='ltr'><strong>ιφξῖἰ</strong></span> <span class='ocrx_word' id='word_1_18' title='bbox 660 998 996 1174; x_wconf 31' lang='grc' dir='ltr'><strong>Ιαεὶοξῖιιίεζιείόίἰάεῗ</strong></span> <span class='ocrx_word' id='word_1_19' title='bbox 1023 1023 1089 1072; x_wconf 94' lang='lat' dir='ltr'><strong>non</strong></span> <span class='ocrx_word' id='word_1_20' title='bbox 1111 1001 1167 1071; x_wconf 91' lang='lat' dir='ltr'><strong>in-</strong></span> 
     </span>
     <span class='ocr_line' id='line_1_6' title="bbox 723 1125 848 1196; baseline -0.016 -22"><span class='ocrx_word' id='word_1_21' title='bbox 723 1127 741 1174; x_wconf 87' lang='lat' dir='ltr'><strong>e</strong></span> <span class='ocrx_word' id='word_1_22' title='bbox 769 1125 848 1196; x_wconf 82' lang='lat' dir='ltr'><strong>egr.</strong></span> 
     </span>
    </p>
   </div>
   <div class='ocr_carea' id='block_1_5' title="bbox 592 1205 627 1274">
    <p class='ocr_par' dir='ltr' id='par_1_5' title="bbox 592 1205 627 1274">
     <span class='ocr_line' id='line_1_7' title="bbox 592 1205 627 1274; baseline 0 0"><span class='ocrx_word' id='word_1_23' title='bbox 592 1205 627 1274; x_wconf 90' lang='lat' dir='ltr'>V</span> 
     </span>
    </p>
   </div>
   <div class='ocr_carea' id='block_1_6' title="bbox 157 1306 1167 1713">
    <p class='ocr_par' dir='ltr' id='par_1_6' title="bbox 157 1306 1167 1713">
     <span class='ocr_line' id='line_1_8' title="bbox 157 1306 1167 1400; baseline -0.01 -14"><span class='ocrx_word' id='word_1_24' title='bbox 157 1314 251 1386; x_wconf 77' lang='lat' dir='ltr'><strong>Multi</strong></span> <span class='ocrx_word' id='word_1_25' title='bbox 285 1313 340 1384; x_wconf 90' lang='lat' dir='ltr'><strong>alii</strong></span> <span class='ocrx_word' id='word_1_26' title='bbox 372 1310 566 1394; x_wconf 78' lang='lat' dir='ltr'><strong>aduenldnl,</strong></span> <span class='ocrx_word' id='word_1_27' title='bbox 618 1309 797 1400; x_wconf 74' lang='lat' dir='ltr'><strong>paupertas</strong></span> <span class='ocrx_word' id='word_1_28' title='bbox 833 1307 973 1400; x_wconf 82' lang='lat' dir='ltr'><strong>quorum</strong></span> <span class='ocrx_word' id='word_1_29' title='bbox 1012 1306 1167 1377; x_wconf 87' lang='lat' dir='ltr'><strong>obseurat</strong></span> 
     </span>
     <span class='ocr_line' id='line_1_9' title="bbox 718 1410 859 1481; baseline 0 -1"><span class='ocrx_word' id='word_1_30' title='bbox 718 1410 859 1481; x_wconf 81' lang='lat' dir='ltr'><strong>nomina.</strong></span> 
     </span>
     <span class='ocr_line' id='line_1_10' title="bbox 593 1511 641 1580; baseline 0 0"><span class='ocrx_word' id='word_1_31' title='bbox 593 1511 641 1580; x_wconf 90' lang='lat' dir='ltr'><strong>Vl</strong></span> 
     </span>
     <span class='ocr_line' id='line_1_11' title="bbox 160 1615 1167 1713; baseline -0.006 -22"><span class='ocrx_word' id='word_1_32' title='bbox 160 1623 376 1713; x_wconf 76' lang='lat' dir='ltr'><strong>Quapropter</strong></span> <span class='ocrx_word' id='word_1_33' title='bbox 391 1618 501 1687; x_wconf 87' lang='lat' dir='ltr'><strong>Pan&#39;m</strong></span> <span class='ocrx_word' id='word_1_34' title='bbox 518 1619 672 1708; x_wconf 87' lang='lat' dir='ltr'><strong>paslores</strong></span> <span class='ocrx_word' id='word_1_35' title='bbox 693 1615 779 1684; x_wconf 78' lang='lat' dir='ltr'><strong>ntino</strong></span> <span class='ocrx_word' id='word_1_36' title='bbox 792 1615 1020 1687; x_wconf 78' lang='lat' dir='ltr'><strong>Alexandrtim</strong></span> <span class='ocrx_word' id='word_1_37' title='bbox 1038 1619 1167 1686; x_wconf 86' lang='lat' dir='ltr'><strong>uocanl.</strong></span> 
     </span>
    </p>
   </div>
   <div class='ocr_carea' id='block_1_7' title="bbox 94 1749 831 1929">
    <p class='ocr_par' dir='ltr' id='par_1_7' title="bbox 94 1749 831 1929">
     <span class='ocr_line' id='line_1_12' title="bbox 645 1749 661 1786; baseline 0 -8"><span class='ocrx_word' id='word_1_38' title='bbox 645 1749 661 1786; x_wconf 60' lang='lat' dir='ltr'><strong>a</strong></span> 
     </span>
     <span class='ocr_line' id='line_1_13' title="bbox 94 1749 831 1929; baseline -0.008 0"><span class='ocrx_word' id='word_1_39' title='bbox 94 1869 133 1928; x_wconf 77' lang='lat' dir='ltr'><strong>ts</strong></span> <span class='ocrx_word' id='word_1_40' title='bbox 157 1859 192 1929; x_wconf 89' lang='lat' dir='ltr'><strong>ls</strong></span> <span class='ocrx_word' id='word_1_41' title='bbox 216 1857 317 1929; x_wconf 74' lang='lat' dir='ltr'><strong>habel</strong></span> <span class='ocrx_word' id='word_1_42' title='bbox 340 1877 496 1927; x_wconf 87' lang='lat' dir='ltr'><strong>eoronam</strong></span> <span class='ocrx_word' id='word_1_43' title='bbox 516 1749 661 1925; x_wconf 53' lang='lat' dir='ltr'><strong>uitligo</strong></span> <span class='ocrx_word' id='word_1_44' title='bbox 684 1853 831 1925; x_wconf 75' lang='lat' dir='ltr'><strong>uictoria.</strong></span> 
     </span>
    </p>
   </div>
   <div class='ocr_carea' id='block_1_8' title="bbox 475 1989 683 2181">
    <p class='ocr_par' dir='ltr' id='par_1_8' title="bbox 475 1989 683 2181">
     <span class='ocr_line' id='line_1_14' title="bbox 475 1989 668 2060; baseline -0.005 1"><span class='ocrx_word' id='word_1_45' title='bbox 475 2018 479 2026; x_wconf 59' lang='lat'><strong><em>¹</em></strong></span> <span class='ocrx_word' id='word_1_46' title='bbox 560 1989 668 2060; x_wconf 85' lang='lat' dir='ltr'><strong>Vlll*</strong></span> 
     </span>
     <span class='ocr_line' id='line_1_15' title="bbox 546 2110 683 2181; baseline 0 -1"><span class='ocrx_word' id='word_1_47' title='bbox 546 2110 683 2181; x_wconf 84' lang='lat' dir='ltr'><strong>Hecuba</strong></span> 
     </span>
    </p>
   </div>
   <div class='ocr_carea' id='block_1_9' title="bbox 156 2211 1171 2408">
    <p class='ocr_par' dir='ltr' id='par_1_9' title="bbox 156 2211 1171 2408">
     <span class='ocr_line' id='line_1_16' title="bbox 157 2211 1171 2308; baseline -0.003 -23"><span class='ocrx_word' id='word_1_48' title='bbox 157 2213 227 2285; x_wconf 89' lang='lat' dir='ltr'><strong>Se&#39;d</strong></span> <span class='ocrx_word' id='word_1_49' title='bbox 251 2211 329 2308; x_wconf 92' lang='lat' dir='ltr'><strong>quid</strong></span> <span class='ocrx_word' id='word_1_50' title='bbox 348 2211 453 2283; x_wconf 88' lang='lat' dir='ltr'><strong>oeulis</strong></span> <span class='ocrx_word' id='word_1_51' title='bbox 472 2213 588 2284; x_wconf 74' lang='lat' dir='ltr'><strong>nabere</strong></span> <span class='ocrx_word' id='word_1_52' title='bbox 604 2214 679 2283; x_wconf 89' lang='lat' dir='ltr'><strong>nisa</strong></span> <span class='ocrx_word' id='word_1_53' title='bbox 697 2234 735 2282; x_wconf 90' lang='lat' dir='ltr'><strong>es</strong></span> <span class='ocrx_word' id='word_1_54' title='bbox 758 2212 936 2304; x_wconf 75' lang='lat' dir='ltr'><strong>derepente</strong></span> <span class='ocrx_word' id='word_1_55' title='bbox 953 2211 1171 2282; x_wconf 78' lang='lat' dir='ltr'><strong>ardentibus?</strong></span> 
     </span>
     <span class='ocr_line' id='line_1_17' title="bbox 156 2315 1135 2408; baseline -0.001 -21"><span class='ocrx_word' id='word_1_56' title='bbox 156 2317 235 2387; x_wconf 90' lang='lat' dir='ltr'><strong>&#39;Vbi</strong></span> <span class='ocrx_word' id='word_1_57' title='bbox 253 2315 382 2387; x_wconf 82' lang='lat' dir='ltr'><strong>illaiua</strong></span> <span class='ocrx_word' id='word_1_58' title='bbox 400 2316 501 2407; x_wconf 87' lang='lat' dir='ltr'><strong>paulo</strong></span> <span class='ocrx_word' id='word_1_59' title='bbox 520 2319 596 2388; x_wconf 76' lang='lat' dir='ltr'><strong>anie</strong></span> <span class='ocrx_word' id='word_1_60' title='bbox 612 2316 746 2407; x_wconf 90' lang='lat' dir='ltr'><strong>sapiens</strong></span> <span class='ocrx_word' id='word_1_61' title='bbox 765 2315 931 2408; x_wconf 82' lang='lat' dir='ltr'><strong>uirginali&#39;</strong></span> <span class='ocrx_word' id='word_1_62' title='bbox 952 2315 1135 2386; x_wconf 80' lang='lat' dir='ltr'><strong>modestia?</strong></span> 
     </span>
    </p>
   </div>
   <div class='ocr_carea' id='block_1_10' title="bbox 65 2516 1179 3772">
    <p class='ocr_par' dir='ltr' id='par_1_10' title="bbox 65 2516 1179 3772">
     <span class='ocr_line' id='line_1_18' title="bbox 65 2516 1173 2586; baseline 0.004 -24"><span class='ocrx_word' id='word_1_63' title='bbox 65 2527 145 2564; x_wconf 82' lang='lat' dir='ltr'><strong>uocem</strong></span> <span class='ocrx_word' id='word_1_64' title='bbox 160 2517 201 2566; x_wconf 84' lang='lat' dir='ltr'><strong>sio</strong></span> <span class='ocrx_word' id='word_1_65' title='bbox 219 2517 399 2586; x_wconf 73' lang='lat' dir='ltr'><strong>interpretatum</strong></span> <span class='ocrx_word' id='word_1_66' title='bbox 413 2519 535 2580; x_wconf 83' lang='lat' dir='ltr'><strong>Verrius,</strong></span> <span class='ocrx_word' id='word_1_67' title='bbox 559 2527 587 2568; x_wconf 90' lang='lat' dir='ltr'><strong>ut</strong></span> <span class='ocrx_word' id='word_1_68' title='bbox 605 2518 673 2568; x_wconf 85' lang='lat' dir='ltr'><strong>dieat</strong></span> <span class='ocrx_word' id='word_1_69' title='bbox 691 2525 865 2568; x_wconf 77' lang='lat' dir='ltr'>ornamentum</span> <span class='ocrx_word' id='word_1_70' title='bbox 885 2531 942 2566; x_wconf 89' lang='lat' dir='ltr'><strong>esse</strong></span> <span class='ocrx_word' id='word_1_71' title='bbox 962 2517 1063 2566; x_wconf 90' lang='lat' dir='ltr'><strong>laneum</strong></span> <span class='ocrx_word' id='word_1_72' title='bbox 1080 2516 1173 2582; x_wconf 88' lang='lat' dir='ltr'><strong>eapitis</strong></span> 
     </span>
     <span class='ocr_line' id='line_1_19' title="bbox 66 2583 1172 2639; baseline 0.004 -8"><span class='ocrx_word' id='word_1_73' title='bbox 66 2583 172 2636; x_wconf 83' lang='lat' dir='ltr'><strong>honorati</strong></span> <span class='ocrx_word' id='word_1_74' title='bbox 188 2612 224 2623; x_wconf 87' lang='lat'>—</span> <span class='ocrx_word' id='word_1_75' title='bbox 239 2611 272 2622; x_wconf 88' lang='lat'>—</span> <span class='ocrx_word' id='word_1_76' title='bbox 294 2590 390 2639; x_wconf 84' lang='lat' dir='ltr'><strong>Ennius</strong></span> <span class='ocrx_word' id='word_1_77' title='bbox 410 2589 437 2638; x_wconf 88' lang='lat' dir='ltr'><strong>in</strong></span> <span class='ocrx_word' id='word_1_78' title='bbox 452 2588 599 2639; x_wconf 83' lang='lat' dir='ltr'><strong>Alexandro</strong></span> <span class='ocrx_word' id='word_1_79' title='bbox 614 2589 665 2637; x_wconf 88' lang='lat'><strong>...&#39;</strong></span> <span class='ocrx_word' id='word_1_80' title='bbox 738 2589 773 2636; x_wconf 90' lang='lat'><strong>111</strong></span> <span class='ocrx_word' id='word_1_81' title='bbox 799 2587 879 2636; x_wconf 85' lang='lat' dir='ltr'><strong>Varro</strong></span> <span class='ocrx_word' id='word_1_82' title='bbox 900 2586 933 2636; x_wconf 92' lang='lat' dir='ltr'><strong>de</strong></span> <span class='ocrx_word' id='word_1_83' title='bbox 951 2586 980 2635; x_wconf 91' lang='lat' dir='ltr'><strong>L.</strong></span> <span class='ocrx_word' id='word_1_84' title='bbox 994 2587 1023 2635; x_wconf 87' lang='lat' dir='ltr'><strong>L.</strong></span> <span class='ocrx_word' id='word_1_85' title='bbox 1041 2586 1077 2635; x_wconf 92' lang='lat' dir='ltr'><strong>Vl</strong></span> <span class='ocrx_word' id='word_1_86' title='bbox 1090 2585 1124 2637; x_wconf 81' lang='grc'><strong>83</strong></span> <span class='ocrx_word' id='word_1_87' title='bbox 1138 2586 1172 2636; x_wconf 85' lang='grc' dir='ltr'><strong>Μ.</strong></span> 
     </span>
     <span class='ocr_line' id='line_1_20' title="bbox 66 2654 1174 2722; baseline 0.004 -21"><span class='ocrx_word' id='word_1_88' title='bbox 66 2655 175 2705; x_wconf 83' lang='lat' dir='ltr'><strong>‘auris’</strong></span> <span class='ocrx_word' id='word_1_89' title='bbox 194 2656 247 2721; x_wconf 90' lang='lat' dir='ltr'><strong>(sio</strong></span> <span class='ocrx_word' id='word_1_90' title='bbox 259 2656 289 2708; x_wconf 90' lang='grc'><strong>0.</strong></span> <span class='ocrx_word' id='word_1_91' title='bbox 306 2658 452 2708; x_wconf 73' lang='lat' dir='ltr'><strong>Muellerus.</strong></span> <span class='ocrx_word' id='word_1_92' title='bbox 468 2659 562 2708; x_wconf 84' lang='lat' dir='ltr'><strong>audio</strong></span> <span class='ocrx_word' id='word_1_93' title='bbox 576 2655 650 2722; x_wconf 87' lang='lat' dir='ltr'>libri)</span> <span class='ocrx_word' id='word_1_94' title='bbox 669 2659 714 2707; x_wconf 88' lang='lat' dir='ltr'><strong>‘ab</strong></span> <span class='ocrx_word' id='word_1_95' title='bbox 731 2670 804 2716; x_wconf 84' lang='lat' dir='ltr'><strong>aueo,</strong></span> <span class='ocrx_word' id='word_1_96' title='bbox 818 2655 887 2719; x_wconf 92' lang='lat' dir='ltr'><strong>quod</strong></span> <span class='ocrx_word' id='word_1_97' title='bbox 900 2655 940 2704; x_wconf 82' lang='lat' dir='ltr'><strong>iris</strong></span> <span class='ocrx_word' id='word_1_98' title='bbox 954 2669 1059 2704; x_wconf 86' lang='lat' dir='ltr'><strong>auemus</strong></span> <span class='ocrx_word' id='word_1_99' title='bbox 1075 2654 1174 2706; x_wconf 79' lang='lat' dir='ltr'>discere</span> 
     </span>
     <span class='ocr_line' id='line_1_21' title="bbox 67 2721 1174 2792; baseline 0.005 -21"><span class='ocrx_word' id='word_1_100' title='bbox 67 2737 173 2789; x_wconf 81' lang='lat' dir='ltr'><strong>semper,</strong></span> <span class='ocrx_word' id='word_1_101' title='bbox 199 2728 268 2788; x_wconf 90' lang='lat' dir='ltr'><strong>quod</strong></span> <span class='ocrx_word' id='word_1_102' title='bbox 281 2728 378 2777; x_wconf 81' lang='lat' dir='ltr'><strong>Ennius</strong></span> <span class='ocrx_word' id='word_1_103' title='bbox 396 2728 497 2778; x_wconf 71' lang='lat' dir='ltr'><strong>uidetur</strong></span> <span class='ocrx_word' id='word_1_104' title='bbox 516 2721 618 2792; x_wconf 78' lang='grc' dir='ltr'><strong><em>ἔτυμον</em></strong></span> <span class='ocrx_word' id='word_1_105' title='bbox 638 2727 771 2778; x_wconf 83' lang='lat' dir='ltr'><strong>ostendere</strong></span> <span class='ocrx_word' id='word_1_106' title='bbox 789 2725 856 2775; x_wconf 90' lang='lat' dir='ltr'><strong>uelle</strong></span> <span class='ocrx_word' id='word_1_107' title='bbox 875 2725 901 2773; x_wconf 90' lang='lat' dir='ltr'><strong>in</strong></span> <span class='ocrx_word' id='word_1_108' title='bbox 916 2724 1077 2784; x_wconf 79' lang='lat' dir='ltr'><strong>Alexandro,</strong></span> <span class='ocrx_word' id='word_1_109' title='bbox 1098 2739 1174 2788; x_wconf 87' lang='lat' dir='ltr'><strong>quom</strong></span> 
     </span>
     <span class='ocr_line' id='line_1_22' title="bbox 67 2793 1175 2863; baseline 0.003 -23"><span class='ocrx_word' id='word_1_110' title='bbox 67 2793 111 2842; x_wconf 86' lang='lat' dir='ltr'><strong>ait:</strong></span> <span class='ocrx_word' id='word_1_111' title='bbox 135 2795 201 2845; x_wconf 83' lang='lat' dir='ltr'><strong>iam&#39;</strong></span> <span class='ocrx_word' id='word_1_112' title='bbox 224 2811 247 2844; x_wconf 87' lang='lat' dir='ltr'><strong>e.</strong></span> <span class='ocrx_word' id='word_1_113' title='bbox 268 2813 293 2860; x_wconf 93' lang='lat' dir='ltr'><strong>q.</strong></span> <span class='ocrx_word' id='word_1_114' title='bbox 316 2812 338 2846; x_wconf 89' lang='lat' dir='ltr'><strong>s.</strong></span> <span class='ocrx_word' id='word_1_115' title='bbox 410 2797 445 2846; x_wconf 93' lang='lat' dir='ltr'><strong>lV</strong></span> <span class='ocrx_word' id='word_1_116' title='bbox 465 2797 554 2847; x_wconf 82' lang='lat' dir='ltr'><strong>Festus</strong></span> <span class='ocrx_word' id='word_1_117' title='bbox 575 2813 601 2863; x_wconf 91' lang='lat' dir='ltr'><strong>p.</strong></span> <span class='ocrx_word' id='word_1_118' title='bbox 621 2797 670 2849; x_wconf 81' lang='lat'><strong>317</strong></span> <span class='ocrx_word' id='word_1_119' title='bbox 687 2797 720 2846; x_wconf 87' lang='lat' dir='ltr'><strong>M.</strong></span> <span class='ocrx_word' id='word_1_120' title='bbox 742 2794 920 2853; x_wconf 83' lang='lat' dir='ltr'><strong>‘stolidus,</strong></span> <span class='ocrx_word' id='word_1_121' title='bbox 945 2795 1045 2844; x_wconf 85' lang='lat' dir='ltr'><strong>stultus.</strong></span> <span class='ocrx_word' id='word_1_122' title='bbox 1078 2793 1175 2844; x_wconf 87' lang='lat' dir='ltr'><strong>Ennius</strong></span> 
     </span>
     <span class='ocr_line' id='line_1_23' title="bbox 68 2861 1173 2930; baseline 0.001 -19"><span class='ocrx_word' id='word_1_123' title='bbox 68 2861 106 2910; x_wconf 92' lang='lat' dir='ltr'><strong>l.l</strong></span> <span class='ocrx_word' id='word_1_124' title='bbox 127 2862 245 2929; x_wconf 85' lang='lat' dir='ltr'><strong>[LXVll]</strong></span> <span class='ocrx_word' id='word_1_125' title='bbox 270 2868 334 2915; x_wconf 88' lang='lat' dir='ltr'><strong>etin</strong></span> <span class='ocrx_word' id='word_1_126' title='bbox 349 2867 496 2916; x_wconf 70' lang='lat' dir='ltr'><strong>Alexandro</strong></span> <span class='ocrx_word' id='word_1_127' title='bbox 513 2867 567 2916; x_wconf 88' lang='lat'><strong>...&#39;</strong></span> <span class='ocrx_word' id='word_1_128' title='bbox 639 2867 661 2916; x_wconf 93' lang='lat' dir='ltr'>V</span> <span class='ocrx_word' id='word_1_129' title='bbox 681 2865 824 2915; x_wconf 83' lang='lat' dir='ltr'><strong>Macrobius</strong></span> <span class='ocrx_word' id='word_1_130' title='bbox 838 2864 892 2914; x_wconf 88' lang='lat' dir='ltr'><strong>Sat.</strong></span> <span class='ocrx_word' id='word_1_131' title='bbox 907 2863 943 2913; x_wconf 90' lang='lat' dir='ltr'><strong>Vl</strong></span> <span class='ocrx_word' id='word_1_132' title='bbox 966 2863 974 2914; x_wconf 97' lang='grc' dir='ltr'>Ι</span> <span class='ocrx_word' id='word_1_133' title='bbox 999 2879 1025 2930; x_wconf 94' lang='lat' dir='ltr'><strong>p.</strong></span> <span class='ocrx_word' id='word_1_134' title='bbox 1045 2863 1097 2916; x_wconf 77' lang='grc'><strong>506</strong></span> <span class='ocrx_word' id='word_1_135' title='bbox 1116 2863 1173 2914; x_wconf 81' lang='lat' dir='ltr'><strong>lan.</strong></span> 
     </span>
     <span class='ocr_line' id='line_1_24' title="bbox 67 2932 1175 3000; baseline 0.003 -21"><span class='ocrx_word' id='word_1_136' title='bbox 67 2933 145 2982; x_wconf 83' lang='lat' dir='ltr'><strong>‘multi</strong></span> <span class='ocrx_word' id='word_1_137' title='bbox 170 2941 320 3000; x_wconf 83' lang='lat' dir='ltr'><strong>praeterea,</strong></span> <span class='ocrx_word' id='word_1_138' title='bbox 345 2951 408 2999; x_wconf 84' lang='lat' dir='ltr'><strong>quos</strong></span> <span class='ocrx_word' id='word_1_139' title='bbox 428 2934 498 2986; x_wconf 85' lang='lat' dir='ltr'><strong>lama</strong></span> <span class='ocrx_word' id='word_1_140' title='bbox 520 2938 628 2986; x_wconf 85' lang='lat' dir='ltr'><strong>obscura</strong></span> <span class='ocrx_word' id='word_1_141' title='bbox 651 2935 773 2985; x_wconf 81' lang='lat' dir='ltr'><strong>recondit.</strong></span> <span class='ocrx_word' id='word_1_142' title='bbox 805 2934 879 3000; x_wconf 73' lang='lat' dir='ltr'><strong>[Aen.</strong></span> <span class='ocrx_word' id='word_1_143' title='bbox 899 2934 923 2983; x_wconf 91' lang='lat' dir='ltr'>V</span> <span class='ocrx_word' id='word_1_144' title='bbox 941 2932 1003 3000; x_wconf 79' lang='lat'><strong>302]</strong></span> <span class='ocrx_word' id='word_1_145' title='bbox 1029 2933 1125 2984; x_wconf 83' lang='lat' dir='ltr'><strong>Ennius</strong></span> <span class='ocrx_word' id='word_1_146' title='bbox 1148 2935 1175 2983; x_wconf 92' lang='lat' dir='ltr'><strong>in</strong></span> 
     </span>
     <span class='ocr_line' id='line_1_25' title="bbox 68 3001 1175 3069; baseline 0.004 -21"><span class='ocrx_word' id='word_1_147' title='bbox 68 3001 210 3053; x_wconf 80' lang='lat' dir='ltr'><strong>Alexandro</strong></span> <span class='ocrx_word' id='word_1_148' title='bbox 232 3007 286 3052; x_wconf 82' lang='lat'><strong>...⁹</strong></span> <span class='ocrx_word' id='word_1_149' title='bbox 358 3007 392 3054; x_wconf 93' lang='lat' dir='ltr'><strong>Vl</strong></span> <span class='ocrx_word' id='word_1_150' title='bbox 412 3006 494 3056; x_wconf 85' lang='lat' dir='ltr'><strong>Vama</strong></span> <span class='ocrx_word' id='word_1_151' title='bbox 513 3006 545 3056; x_wconf 91' lang='lat' dir='ltr'><strong>de</strong></span> <span class='ocrx_word' id='word_1_152' title='bbox 559 3005 589 3055; x_wconf 87' lang='lat' dir='ltr'><strong>L.</strong></span> <span class='ocrx_word' id='word_1_153' title='bbox 604 3007 633 3055; x_wconf 91' lang='lat' dir='ltr'><strong>L.</strong></span> <span class='ocrx_word' id='word_1_154' title='bbox 650 3006 698 3055; x_wconf 93' lang='lat' dir='ltr'><strong>Vll</strong></span> <span class='ocrx_word' id='word_1_155' title='bbox 712 3004 745 3056; x_wconf 82' lang='lat'><strong>82</strong></span> <span class='ocrx_word' id='word_1_156' title='bbox 770 3004 853 3069; x_wconf 87' lang='lat' dir='ltr'><strong>‘apud</strong></span> <span class='ocrx_word' id='word_1_157' title='bbox 866 3005 989 3053; x_wconf 85' lang='lat' dir='ltr'><strong>Ennium:</strong></span> <span class='ocrx_word' id='word_1_158' title='bbox 1012 3002 1084 3069; x_wconf 90' lang='lat'>[100]</span> <span class='ocrx_word' id='word_1_159' title='bbox 1099 3006 1175 3054; x_wconf 87' lang='lat' dir='ltr'><strong>item:</strong></span> 
     </span>
     <span class='ocr_line' id='line_1_26' title="bbox 69 3066 1177 3139; baseline 0.001 -20"><span class='ocrx_word' id='word_1_160' title='bbox 69 3074 229 3139; x_wconf 77' lang='lat' dir='ltr'><strong>quapropter·</strong></span> <span class='ocrx_word' id='word_1_161' title='bbox 250 3089 272 3123; x_wconf 88' lang='lat' dir='ltr'><strong>e.</strong></span> <span class='ocrx_word' id='word_1_162' title='bbox 289 3089 313 3137; x_wconf 93' lang='lat' dir='ltr'><strong>q.</strong></span> <span class='ocrx_word' id='word_1_163' title='bbox 329 3089 350 3123; x_wconf 84' lang='lat' dir='ltr'><strong>s.</strong></span> <span class='ocrx_word' id='word_1_164' title='bbox 377 3077 517 3125; x_wconf 87' lang='lat' dir='ltr'><strong>‘imitari</strong></span> <span class='ocrx_word' id='word_1_165' title='bbox 538 3076 610 3138; x_wconf 85' lang='lat' dir='ltr'><strong>dum</strong></span> <span class='ocrx_word' id='word_1_166' title='bbox 628 3076 737 3124; x_wconf 86' lang='lat' dir='ltr'><strong>uoluit</strong></span> <span class='ocrx_word' id='word_1_167' title='bbox 750 3074 941 3139; x_wconf 81' lang='lat' dir='ltr'><strong>Euripidem</strong></span> <span class='ocrx_word' id='word_1_168' title='bbox 961 3081 985 3123; x_wconf 88' lang='lat' dir='ltr'><strong>et</strong></span> <span class='ocrx_word' id='word_1_169' title='bbox 1004 3088 1099 3139; x_wconf 90' lang='lat' dir='ltr'><strong>ponere</strong></span> <span class='ocrx_word' id='word_1_170' title='bbox 1117 3066 1177 3123; x_wconf 73' lang='lat' dir='ltr'><strong>lev-</strong></span> 
     </span>
     <span class='ocr_line' id='line_1_27' title="bbox 68 3135 1142 3212; baseline 0.005 -24"><span class='ocrx_word' id='word_1_171' title='bbox 68 3151 129 3202; x_wconf 80' lang='grc' dir='ltr'>μον,</span> <span class='ocrx_word' id='word_1_172' title='bbox 149 3150 188 3193; x_wconf 85' lang='lat' dir='ltr'><strong>est</strong></span> <span class='ocrx_word' id='word_1_173' title='bbox 202 3142 306 3208; x_wconf 87' lang='lat' dir='ltr'><strong>lapsus:</strong></span> <span class='ocrx_word' id='word_1_174' title='bbox 327 3159 386 3194; x_wconf 91' lang='lat' dir='ltr'><strong>nam</strong></span> <span class='ocrx_word' id='word_1_175' title='bbox 400 3145 537 3212; x_wconf 83' lang='lat' dir='ltr'><strong>Euripides</strong></span> <span class='ocrx_word' id='word_1_176' title='bbox 552 3145 620 3208; x_wconf 90' lang='lat' dir='ltr'><strong>quod</strong></span> <span class='ocrx_word' id='word_1_177' title='bbox 635 3144 731 3195; x_wconf 82' lang='lat' dir='ltr'><strong>Graeca</strong></span> <span class='ocrx_word' id='word_1_178' title='bbox 747 3144 842 3210; x_wconf 85' lang='lat' dir='ltr'><strong>posuit,</strong></span> <span class='ocrx_word' id='word_1_179' title='bbox 856 3135 942 3208; x_wconf 77' lang='grc' dir='ltr'><strong><em>ἔτυμα</em></strong></span> <span class='ocrx_word' id='word_1_180' title='bbox 957 3151 1015 3192; x_wconf 87' lang='lat' dir='ltr'><strong>sunt</strong></span> <span class='ocrx_word' id='word_1_181' title='bbox 1035 3144 1142 3210; x_wconf 86' lang='lat' dir='ltr'><strong>aperta.&#39;</strong></span> 
     </span>
     <span class='ocr_line' id='line_1_28' title="bbox 98 3211 1178 3280; baseline 0.003 -22"><span class='ocrx_word' id='word_1_182' title='bbox 98 3211 142 3260; x_wconf 92' lang='lat' dir='ltr'><strong>Vll</strong></span> <span class='ocrx_word' id='word_1_183' title='bbox 168 3212 264 3262; x_wconf 88' lang='lat' dir='ltr'><strong>Paulus</strong></span> <span class='ocrx_word' id='word_1_184' title='bbox 284 3214 353 3263; x_wconf 83' lang='lat' dir='ltr'><strong>Festi</strong></span> <span class='ocrx_word' id='word_1_185' title='bbox 371 3229 396 3279; x_wconf 95' lang='lat' dir='ltr'><strong>p.</strong></span> <span class='ocrx_word' id='word_1_186' title='bbox 414 3212 465 3265; x_wconf 75' lang='grc'><strong>369</strong></span> <span class='ocrx_word' id='word_1_187' title='bbox 480 3214 514 3263; x_wconf 90' lang='lat' dir='ltr'><strong>M.</strong></span> <span class='ocrx_word' id='word_1_188' title='bbox 542 3213 721 3274; x_wconf 84' lang='lat' dir='ltr'><strong>‘uitulans‚</strong></span> <span class='ocrx_word' id='word_1_189' title='bbox 748 3214 845 3264; x_wconf 85' lang='lat' dir='ltr'><strong>laetans</strong></span> <span class='ocrx_word' id='word_1_190' title='bbox 863 3213 975 3280; x_wconf 74' lang='lat' dir='ltr'><strong>gaudio,</strong></span> <span class='ocrx_word' id='word_1_191' title='bbox 999 3221 1027 3262; x_wconf 85' lang='lat' dir='ltr'><strong>ut</strong></span> <span class='ocrx_word' id='word_1_192' title='bbox 1044 3220 1120 3280; x_wconf 90' lang='lat' dir='ltr'><strong>pastu</strong></span> <span class='ocrx_word' id='word_1_193' title='bbox 1138 3211 1178 3262; x_wconf 88' lang='lat' dir='ltr'><strong>nl-</strong></span> 
     </span>
     <span class='ocr_line' id='line_1_29' title="bbox 70 3277 1178 3350; baseline 0.009 -26"><span class='ocrx_word' id='word_1_194' title='bbox 70 3277 138 3329; x_wconf 88' lang='lat' dir='ltr'><strong>tulus.</strong></span> <span class='ocrx_word' id='word_1_195' title='bbox 167 3283 335 3332; x_wconf 88' lang='lat' dir='ltr'><strong>Ennius</strong></span> <span class='ocrx_word' id='word_1_196' title='bbox 371 3284 414 3334; x_wconf 81' lang='lat' dir='ltr'><strong>nd</strong></span> <span class='ocrx_word' id='word_1_197' title='bbox 428 3284 603 3334; x_wconf 81' lang='lat' dir='ltr'><strong>Alexandrum</strong></span> <span class='ocrx_word' id='word_1_198' title='bbox 622 3284 749 3349; x_wconf 86' lang='lat' dir='ltr'><strong>pertinere</strong></span> <span class='ocrx_word' id='word_1_199' title='bbox 768 3283 914 3350; x_wconf 79' lang='lat' dir='ltr'><strong>Hanungus</strong></span> <span class='ocrx_word' id='word_1_200' title='bbox 932 3283 992 3333; x_wconf 87' lang='lat' dir='ltr'><strong>Eur.</strong></span> <span class='ocrx_word' id='word_1_201' title='bbox 1007 3290 1067 3333; x_wconf 90' lang='lat' dir='ltr'><strong>rest.</strong></span> <span class='ocrx_word' id='word_1_202' title='bbox 1090 3283 1113 3333; x_wconf 92' lang='lat' dir='ltr'><strong>ll</strong></span> <span class='ocrx_word' id='word_1_203' title='bbox 1127 3281 1178 3334; x_wconf 81' lang='grc'><strong>238</strong></span> 
     </span>
     <span class='ocr_line' id='line_1_30' title="bbox 70 3350 1177 3419; baseline 0.005 -23"><span class='ocrx_word' id='word_1_204' title='bbox 70 3350 169 3400; x_wconf 84' lang='lat' dir='ltr'><strong>eonieoit</strong></span> <span class='ocrx_word' id='word_1_205' title='bbox 240 3353 301 3402; x_wconf 88' lang='lat' dir='ltr'><strong>Vlll</strong></span> <span class='ocrx_word' id='word_1_206' title='bbox 321 3352 408 3403; x_wconf 79' lang='lat' dir='ltr'><strong>Cicero</strong></span> <span class='ocrx_word' id='word_1_207' title='bbox 428 3354 460 3403; x_wconf 90' lang='lat' dir='ltr'><strong>de</strong></span> <span class='ocrx_word' id='word_1_208' title='bbox 473 3353 526 3403; x_wconf 88' lang='lat' dir='ltr'><strong>diu.</strong></span> <span class='ocrx_word' id='word_1_209' title='bbox 543 3351 609 3412; x_wconf 89' lang='lat'>131,</span> <span class='ocrx_word' id='word_1_210' title='bbox 625 3353 659 3404; x_wconf 82' lang='grc'><strong>66</strong></span> <span class='ocrx_word' id='word_1_211' title='bbox 679 3355 760 3404; x_wconf 83' lang='lat' dir='ltr'><strong>‘inest</strong></span> <span class='ocrx_word' id='word_1_212' title='bbox 777 3354 855 3419; x_wconf 81' lang='lat' dir='ltr'><strong>igitur</strong></span> <span class='ocrx_word' id='word_1_213' title='bbox 873 3355 899 3402; x_wconf 92' lang='lat' dir='ltr'><strong>in</strong></span> <span class='ocrx_word' id='word_1_214' title='bbox 916 3354 1007 3402; x_wconf 87' lang='lat' dir='ltr'><strong>animis</strong></span> <span class='ocrx_word' id='word_1_215' title='bbox 1022 3354 1177 3419; x_wconf 75' lang='lat' dir='ltr'><strong>praesagitio</strong></span> 
     </span>
     <span class='ocr_line' id='line_1_31' title="bbox 71 3420 1179 3488; baseline 0.005 -24"><span class='ocrx_word' id='word_1_216' title='bbox 71 3420 221 3471; x_wconf 81' lang='lat' dir='ltr'><strong>extrinsecus</strong></span> <span class='ocrx_word' id='word_1_217' title='bbox 235 3422 329 3472; x_wconf 80' lang='lat' dir='ltr'><strong>iniecta</strong></span> <span class='ocrx_word' id='word_1_218' title='bbox 343 3430 418 3486; x_wconf 88' lang='lat' dir='ltr'><strong>atque</strong></span> <span class='ocrx_word' id='word_1_219' title='bbox 432 3422 531 3472; x_wconf 87' lang='lat' dir='ltr'><strong>inolusa</strong></span> <span class='ocrx_word' id='word_1_220' title='bbox 547 3422 679 3472; x_wconf 90' lang='lat' dir='ltr'><strong>diuinitus.</strong></span> <span class='ocrx_word' id='word_1_221' title='bbox 699 3438 730 3473; x_wconf 90' lang='lat' dir='ltr'><strong>ea</strong></span> <span class='ocrx_word' id='word_1_222' title='bbox 744 3423 766 3472; x_wconf 83' lang='lat' dir='ltr'><strong>si</strong></span> <span class='ocrx_word' id='word_1_223' title='bbox 781 3424 878 3472; x_wconf 82' lang='lat' dir='ltr'><strong>exarsit</strong></span> <span class='ocrx_word' id='word_1_224' title='bbox 892 3423 985 3482; x_wconf 86' lang='lat' dir='ltr'><strong>aerius,</strong></span> <span class='ocrx_word' id='word_1_225' title='bbox 1000 3421 1072 3471; x_wconf 76' lang='lat' dir='ltr'><strong>diror</strong></span> <span class='ocrx_word' id='word_1_226' title='bbox 1090 3421 1179 3488; x_wconf 87' lang='lat' dir='ltr'><strong>appel-</strong></span> 
     </span>
     <span class='ocr_line' id='line_1_32' title="bbox 71 3485 1177 3558; baseline 0.005 -26"><span class='ocrx_word' id='word_1_227' title='bbox 71 3485 136 3548; x_wconf 85' lang='lat' dir='ltr'><strong>latur,</strong></span> <span class='ocrx_word' id='word_1_228' title='bbox 152 3506 214 3540; x_wconf 83' lang='lat' dir='ltr'><strong>oum</strong></span> <span class='ocrx_word' id='word_1_229' title='bbox 225 3507 241 3540; x_wconf 92' lang='lat' dir='ltr'><strong>a</strong></span> <span class='ocrx_word' id='word_1_230' title='bbox 250 3506 357 3558; x_wconf 80' lang='lat' dir='ltr'><strong>corpore</strong></span> <span class='ocrx_word' id='word_1_231' title='bbox 370 3493 469 3542; x_wconf 85' lang='lat' dir='ltr'><strong>animus</strong></span> <span class='ocrx_word' id='word_1_232' title='bbox 485 3492 627 3549; x_wconf 78' lang='lat' dir='ltr'><strong>abstractus</strong></span> <span class='ocrx_word' id='word_1_233' title='bbox 637 3492 725 3542; x_wconf 89' lang='lat' dir='ltr'><strong>diuino</strong></span> <span class='ocrx_word' id='word_1_234' title='bbox 737 3493 857 3543; x_wconf 81' lang='lat' dir='ltr'><strong>instinctu</strong></span> <span class='ocrx_word' id='word_1_235' title='bbox 871 3493 1023 3542; x_wconf 85' lang='lat' dir='ltr'><strong>concitatur:</strong></span> <span class='ocrx_word' id='word_1_236' title='bbox 1041 3487 1177 3556; x_wconf 72' lang='lat' dir='ltr'><strong>[to-841.</strong></span> 
     </span>
     <span class='ocr_line' id='line_1_33' title="bbox 73 3555 1178 3625; baseline 0 -18"><span class='ocrx_word' id='word_1_237' title='bbox 73 3555 190 3622; x_wconf 75' lang='lat' dir='ltr'><strong>lipotma</strong></span> <span class='ocrx_word' id='word_1_238' title='bbox 203 3568 319 3612; x_wconf 88' lang='lat' dir='ltr'><strong>tenerum</strong></span> <span class='ocrx_word' id='word_1_239' title='bbox 334 3569 358 3611; x_wconf 88' lang='lat' dir='ltr'><strong>et</strong></span> <span class='ocrx_word' id='word_1_240' title='bbox 373 3570 498 3612; x_wconf 86' lang='lat' dir='ltr'><strong>moratum</strong></span> <span class='ocrx_word' id='word_1_241' title='bbox 510 3571 586 3625; x_wconf 85' lang='lat' dir='ltr'><strong>atque</strong></span> <span class='ocrx_word' id='word_1_242' title='bbox 599 3563 690 3614; x_wconf 87' lang='lat' dir='ltr'><strong>molle!</strong></span> <span class='ocrx_word' id='word_1_243' title='bbox 717 3561 769 3612; x_wconf 88' lang='lat' dir='ltr'><strong>Sed</strong></span> <span class='ocrx_word' id='word_1_244' title='bbox 787 3561 836 3611; x_wconf 85' lang='lat' dir='ltr'><strong>hoe</strong></span> <span class='ocrx_word' id='word_1_245' title='bbox 854 3563 938 3612; x_wconf 85' lang='lat' dir='ltr'><strong>minus</strong></span> <span class='ocrx_word' id='word_1_246' title='bbox 960 3561 1069 3612; x_wconf 86' lang='lat' dir='ltr'><strong>adrem.</strong></span> <span class='ocrx_word' id='word_1_247' title='bbox 1102 3560 1178 3619; x_wconf 88' lang='lat' dir='ltr'><strong>Illud,</strong></span> 
     </span>
     <span class='ocr_line' id='line_1_34' title="bbox 72 3627 1179 3697; baseline 0.003 -24"><span class='ocrx_word' id='word_1_248' title='bbox 72 3628 133 3686; x_wconf 88' lang='lat' dir='ltr'><strong>quod</strong></span> <span class='ocrx_word' id='word_1_249' title='bbox 146 3630 274 3692; x_wconf 86' lang='lat' dir='ltr'><strong>uolumus,</strong></span> <span class='ocrx_word' id='word_1_250' title='bbox 289 3645 440 3697; x_wconf 79' lang='lat' dir='ltr'><strong>expressum</strong></span> <span class='ocrx_word' id='word_1_251' title='bbox 453 3640 500 3692; x_wconf 88' lang='lat' dir='ltr'><strong>est,</strong></span> <span class='ocrx_word' id='word_1_252' title='bbox 516 3643 542 3681; x_wconf 87' lang='lat' dir='ltr'><strong>ut</strong></span> <span class='ocrx_word' id='word_1_253' title='bbox 554 3633 688 3682; x_wconf 86' lang='lat' dir='ltr'><strong>uaticinari</strong></span> <span class='ocrx_word' id='word_1_254' title='bbox 704 3631 775 3681; x_wconf 83' lang='lat' dir='ltr'><strong>furor</strong></span> <span class='ocrx_word' id='word_1_255' title='bbox 787 3646 849 3681; x_wconf 88' lang='lat' dir='ltr'><strong>uera</strong></span> <span class='ocrx_word' id='word_1_256' title='bbox 859 3631 953 3681; x_wconf 82' lang='lat' dir='ltr'><strong>soleat:</strong></span> <span class='ocrx_word' id='word_1_257' title='bbox 971 3629 1024 3695; x_wconf 80' lang='lat'><strong>[85.</strong></span> <span class='ocrx_word' id='word_1_258' title='bbox 1034 3627 1090 3696; x_wconf 81' lang='grc'>86].</span> <span class='ocrx_word' id='word_1_259' title='bbox 1110 3629 1179 3680; x_wconf 87' lang='lat' dir='ltr'><strong>Deus</strong></span> 
     </span>
     <span class='ocr_line' id='line_1_35' title="bbox 73 3695 1179 3772; baseline 0.004 -30"><span class='ocrx_word' id='word_1_260' title='bbox 73 3695 176 3748; x_wconf 85' lang='lat' dir='ltr'><strong>inclusus</strong></span> <span class='ocrx_word' id='word_1_261' title='bbox 191 3714 298 3772; x_wconf 84' lang='lat' dir='ltr'><strong>corpore</strong></span> <span class='ocrx_word' id='word_1_262' title='bbox 310 3701 420 3752; x_wconf 87' lang='lat' dir='ltr'><strong>humano</strong></span> <span class='ocrx_word' id='word_1_263' title='bbox 435 3702 500 3762; x_wconf 88' lang='lat' dir='ltr'><strong>iam,</strong></span> <span class='ocrx_word' id='word_1_264' title='bbox 520 3715 569 3751; x_wconf 89' lang='lat' dir='ltr'><strong>non</strong></span> <span class='ocrx_word' id='word_1_265' title='bbox 586 3701 777 3752; x_wconf 80' lang='lat' dir='ltr'><strong>Cassandra</strong></span> <span class='ocrx_word' id='word_1_266' title='bbox 792 3701 913 3764; x_wconf 87' lang='lat' dir='ltr'><strong>loquitur:</strong></span> <span class='ocrx_word' id='word_1_267' title='bbox 936 3697 1083 3766; x_wconf 81' lang='lat'><strong>[87—90].·</strong></span> <span class='ocrx_word' id='word_1_268' title='bbox 1109 3699 1179 3749; x_wconf 90' lang='lat' dir='ltr'><strong>idem</strong></span> 
     </span>
    </p>
   </div>
   <div class='ocr_carea' id='block_1_11' title="bbox 76 3871 1181 4198">
    <p class='ocr_par' dir='ltr' id='par_1_11' title="bbox 76 3871 1181 4198">
     <span class='ocr_line' id='line_1_36' title="bbox 111 3871 1180 3947; baseline 0 -21"><span class='ocrx_word' id='word_1_269' title='bbox 111 3871 142 3927; x_wconf 81' lang='lat' dir='ltr'><strong>ta</strong></span> <span class='ocrx_word' id='word_1_270' title='bbox 162 3873 292 3946; x_wconf 71' lang='lat' dir='ltr'><strong>laspiuis,</strong></span> <span class='ocrx_word' id='word_1_271' title='bbox 313 3874 415 3930; x_wconf 92' lang='lat' dir='ltr'><strong>stolide</strong></span> <span class='ocrx_word' id='word_1_272' title='bbox 431 3874 569 3947; x_wconf 81' lang='lat' dir='ltr'><strong>Scaliper.</strong></span> <span class='ocrx_word' id='word_1_273' title='bbox 592 3875 690 3929; x_wconf 80' lang='lat' dir='ltr'><strong>lasciui</strong></span> <span class='ocrx_word' id='word_1_274' title='bbox 700 3875 811 3937; x_wconf 72' lang='lat' dir='ltr'><strong>&#39;stolide</strong></span> <span class='ocrx_word' id='word_1_275' title='bbox 833 3877 894 3931; x_wconf 84' lang='lat' dir='ltr'><strong>cod.</strong></span> <span class='ocrx_word' id='word_1_276' title='bbox 1001 3878 1036 3934; x_wconf 81' lang='lat'><strong>73</strong></span> <span class='ocrx_word' id='word_1_277' title='bbox 1058 3874 1104 3930; x_wconf 88' lang='lat' dir='ltr'><strong>alii</strong></span> <span class='ocrx_word' id='word_1_278' title='bbox 1127 3889 1180 3928; x_wconf 84' lang='lat' dir='ltr'><strong>om.</strong></span> 
     </span>
     <span class='ocr_line' id='line_1_37' title="bbox 76 3949 1178 4031; baseline 0.005 -27"><span class='ocrx_word' id='word_1_279' title='bbox 76 3949 165 4010; x_wconf 68' lang='lat' dir='ltr'><strong>Saldis.</strong></span> <span class='ocrx_word' id='word_1_280' title='bbox 253 3957 380 4026; x_wconf 84' lang='lat' dir='ltr'><strong>Hecuba]</strong></span> <span class='ocrx_word' id='word_1_281' title='bbox 402 3959 435 4014; x_wconf 91' lang='lat' dir='ltr'><strong>H.</strong></span> <span class='ocrx_word' id='word_1_282' title='bbox 447 3962 575 4031; x_wconf 81' lang='lat' dir='ltr'><strong>plerique</strong></span> <span class='ocrx_word' id='word_1_283' title='bbox 590 3959 663 4024; x_wconf 79' lang='lat' dir='ltr'><strong>libri,</strong></span> <span class='ocrx_word' id='word_1_284' title='bbox 689 3976 741 4014; x_wconf 89' lang='lat' dir='ltr'><strong>om.</strong></span> <span class='ocrx_word' id='word_1_285' title='bbox 757 3958 819 4017; x_wconf 79' lang='lat' dir='ltr'><strong>Erl.</strong></span> <span class='ocrx_word' id='word_1_286' title='bbox 841 3960 919 4016; x_wconf 76' lang='lat' dir='ltr'><strong>Vino.</strong></span> <span class='ocrx_word' id='word_1_287' title='bbox 1013 3959 1063 4017; x_wconf 72' lang='grc' dir='ltr'><strong>Δ76</strong></span> <span class='ocrx_word' id='word_1_288' title='bbox 1078 3959 1178 4014; x_wconf 81' lang='lat' dir='ltr'><strong>tabere</strong></span> 
     </span>
     <span class='ocr_line' id='line_1_38' title="bbox 77 4033 1180 4115; baseline 0.001 -20"><span class='ocrx_word' id='word_1_289' title='bbox 77 4033 351 4111; x_wconf 62' lang='lat' dir='ltr'><strong>lampsacenae,</strong></span> <span class='ocrx_word' id='word_1_290' title='bbox 368 4041 495 4099; x_wconf 83' lang='lat' dir='ltr'><strong>Muretus</strong></span> <span class='ocrx_word' id='word_1_291' title='bbox 514 4044 583 4099; x_wconf 85' lang='lat' dir='ltr'><strong>Var.</strong></span> <span class='ocrx_word' id='word_1_292' title='bbox 601 4044 674 4098; x_wconf 81' lang='lat' dir='ltr'><strong>Leel.</strong></span> <span class='ocrx_word' id='word_1_293' title='bbox 688 4043 737 4098; x_wconf 86' lang='lat' dir='ltr'><strong>lX</strong></span> <span class='ocrx_word' id='word_1_294' title='bbox 749 4047 792 4102; x_wconf 83' lang='lat'><strong>19.</strong></span> <span class='ocrx_word' id='word_1_295' title='bbox 810 4062 909 4115; x_wconf 89' lang='lat' dir='ltr'><strong>rapere</strong></span> <span class='ocrx_word' id='word_1_296' title='bbox 925 4043 988 4100; x_wconf 87' lang='lat' dir='ltr'><strong>Erl.</strong></span> <span class='ocrx_word' id='word_1_297' title='bbox 1009 4041 1089 4099; x_wconf 75' lang='lat' dir='ltr'><strong>Vino.</strong></span> <span class='ocrx_word' id='word_1_298' title='bbox 1105 4041 1180 4098; x_wconf 71' lang='lat' dir='ltr'><strong>Leia</strong></span> 
     </span>
     <span class='ocr_line' id='line_1_39' title="bbox 76 4125 1181 4198; baseline 0.005 -24"><span class='ocrx_word' id='word_1_299' title='bbox 76 4135 130 4175; x_wconf 86' lang='lat' dir='ltr'><strong>cum</strong></span> <span class='ocrx_word' id='word_1_300' title='bbox 144 4125 218 4180; x_wconf 77' lang='lat' dir='ltr'><strong>librs&#39;s</strong></span> <span class='ocrx_word' id='word_1_301' title='bbox 231 4127 391 4198; x_wconf 77' lang='lat' dir='ltr'><strong>uulyaribus</strong></span> <span class='ocrx_word' id='word_1_302' title='bbox 478 4129 540 4182; x_wconf 89' lang='lat' dir='ltr'><strong>uisa</strong></span> <span class='ocrx_word' id='word_1_303' title='bbox 556 4146 587 4182; x_wconf 89' lang='lat' dir='ltr'><strong>es</strong></span> <span class='ocrx_word' id='word_1_304' title='bbox 603 4127 760 4184; x_wconf 80' lang='lat' dir='ltr'><strong>Lambinus.</strong></span> <span class='ocrx_word' id='word_1_305' title='bbox 777 4130 839 4186; x_wconf 86' lang='lat' dir='ltr'><strong>uisa</strong></span> <span class='ocrx_word' id='word_1_306' title='bbox 855 4137 897 4184; x_wconf 89' lang='lat' dir='ltr'><strong>est</strong></span> <span class='ocrx_word' id='word_1_307' title='bbox 913 4129 979 4184; x_wconf 70' lang='lat' dir='ltr'><strong>liora·</strong></span> <span class='ocrx_word' id='word_1_308' title='bbox 1082 4128 1116 4185; x_wconf 85' lang='lat' dir='ltr'><strong>tt</strong></span> <span class='ocrx_word' id='word_1_309' title='bbox 1136 4127 1181 4182; x_wconf 88' lang='lat' dir='ltr'><strong>ubi</strong></span> 
     </span>
    </p>
   </div>
   <div class='ocr_carea' id='block_1_12' title="bbox 76 4203 1183 4369">
    <p class='ocr_par' dir='ltr' id='par_1_12' title="bbox 76 4203 1183 4369">
     <span class='ocr_line' id='line_1_40' title="bbox 77 4203 1183 4286; baseline 0.01 -31"><span class='ocrx_word' id='word_1_310' title='bbox 77 4203 117 4260; x_wconf 85' lang='lat' dir='ltr'><strong>illa</strong></span> <span class='ocrx_word' id='word_1_311' title='bbox 137 4215 182 4264; x_wconf 89' lang='lat' dir='ltr'><strong>tua</strong></span> <span class='ocrx_word' id='word_1_312' title='bbox 202 4211 287 4280; x_wconf 91' lang='lat' dir='ltr'><strong>paulo</strong></span> <span class='ocrx_word' id='word_1_313' title='bbox 309 4217 373 4267; x_wconf 89' lang='lat' dir='ltr'><strong>ante</strong></span> <span class='ocrx_word' id='word_1_314' title='bbox 396 4211 510 4284; x_wconf 87' lang='lat' dir='ltr'><strong>sapiens</strong></span> <span class='ocrx_word' id='word_1_315' title='bbox 530 4210 643 4267; x_wconf 80' lang='lat' dir='ltr'><strong>Reizius</strong></span> <span class='ocrx_word' id='word_1_316' title='bbox 666 4213 887 4268; x_wconf 82' lang='lat' dir='ltr'><strong>‘Burmannam&#39;</strong></span> <span class='ocrx_word' id='word_1_317' title='bbox 904 4219 954 4269; x_wconf 84' lang='lat' dir='ltr'><strong>ete.</strong></span> <span class='ocrx_word' id='word_1_318' title='bbox 970 4231 1002 4286; x_wconf 90' lang='lat' dir='ltr'><strong>p.</strong></span> <span class='ocrx_word' id='word_1_319' title='bbox 1018 4215 1046 4271; x_wconf 84' lang='grc'><strong>8.</strong></span> <span class='ocrx_word' id='word_1_320' title='bbox 1068 4211 1114 4267; x_wconf 91' lang='lat' dir='ltr'><strong>ubi</strong></span> <span class='ocrx_word' id='word_1_321' title='bbox 1136 4211 1183 4266; x_wconf 87' lang='lat' dir='ltr'><strong>illa</strong></span> 
     </span>
     <span class='ocr_line' id='line_1_41' title="bbox 76 4293 606 4369; baseline 0.013 -25"><span class='ocrx_word' id='word_1_322' title='bbox 76 4293 152 4356; x_wconf 85' lang='lat' dir='ltr'><strong>paulo</strong></span> <span class='ocrx_word' id='word_1_323' title='bbox 167 4309 194 4347; x_wconf 87' lang='lat' dir='ltr'><strong>a.</strong></span> <span class='ocrx_word' id='word_1_324' title='bbox 210 4313 234 4350; x_wconf 84' lang='lat' dir='ltr'><strong>s.</strong></span> <span class='ocrx_word' id='word_1_325' title='bbox 249 4295 313 4351; x_wconf 78' lang='lat' dir='ltr'><strong>ttort</strong></span> <span class='ocrx_word' id='word_1_326' title='bbox 341 4344 344 4352; x_wconf 89' lang='lat'><strong>.</strong></span> <span class='ocrx_word' id='word_1_327' title='bbox 395 4296 527 4369; x_wconf 78' lang='lat' dir='ltr'><strong>uirginali</strong></span> <span class='ocrx_word' id='word_1_328' title='bbox 542 4297 606 4351; x_wconf 76' lang='lat' dir='ltr'><strong>libri</strong></span> 
     </span>
    </p>
   </div>
   <div class='ocr_carea' id='block_1_13' title="bbox 930 4389 977 4456">
    <p class='ocr_par' dir='ltr' id='par_1_13' title="bbox 930 4389 977 4456">
     <span class='ocr_line' id='line_1_42' title="bbox 930 4389 977 4456; baseline 0 -32"><span class='ocrx_word' id='word_1_329' title='bbox 930 4389 977 4456; x_wconf 75' lang='lat'><strong>7.</strong></span> 
     </span>
    </p>
   </div>
   <div class='ocr_carea' id='block_1_14' title="bbox 0 0 1418 4946">
    <p class='ocr_par' dir='ltr' id='par_1_14' title="bbox 0 0 1418 4946">
     <span class='ocr_line' id='line_1_43' title="bbox 0 0 1418 4946; baseline 0 0"><span class='ocrx_word' id='word_1_330' title='bbox 0 0 1418 4946; x_wconf 95' lang='lat' dir='ltr'><strong> </strong></span> 
     </span>
    </p>
   </div>
  </div>
 </body>
</html>
