2784 4940
226 389 312 438 nxuv
624 375 936 445 QVAESTIONES

227 554 308 605 ercan
327 549 448 612 mittant,
470 545 535 600 dam
551 545 675 616 proelio,
698 545 796 600 dende
816 560 854 602 ex
875 547 977 602 taetitia
1001 549 1089 620 epolus
1110 546 1245 619 [stipatos
1263 549 1333 620 quies

227 661 362 710 nocturna
381 651 471 706 hostes
487 657 643 722 prorueret,
670 659 699 706 at
720 652 759 706 nd
777 667 808 707 se
828 655 994 708 transirent.-
1026 670 1081 708 uno
1107 655 1217 726 apmioe
1246 653 1332 710 Canu-

226 759 296 818 tum
324 758 446 814 obimros
473 771 533 811 esse
551 785 593 794 -
611 785 653 796 -
669 755 704 810 P.
725 755 905 829 Sempronius
934 758 1085 814 Tuditanus
1108 759 1236 814 tribunos
1268 761 1334 813 milt-

227 876 283 924 tcm
306 867 385 938 ‘cupi
404 879 471 936 erpo
491 863 629 918 moult?
650 864 737 934 inquit
756 863 804 918 ‘ab
825 865 990 918 aaarbsimo
1009 869 1037 918 et
1055 865 1246 920 crstdeltssiano
1264 865 1335 920 hoste

228 1005 271 1016 -ι
290 1005 332 1014 -
351 974 400 1028 sed
419 975 564 1042 numqaum
592 969 723 1038 opprimit
747 969 798 1024 lux
826 971 986 1041 maioraque
1011 969 1128 1025 Mettum
1150 971 1265 1041 cpmim
1292 970 1334 1024 ob

227 1083 356 1153 saepiunt
382 1081 448 1144 iter,
471 1088 528 1145 per
552 1073 602 1128 bos
628 1074 676 1144 qai
700 1075 851 1130 inordinati
876 1079 958 1146 amne
982 1075 1153 1145 incompositi
1178 1076 1338 1146 obstrepunt

224 1190 315 1260 portus
330 1165 526 1255 crumpamus'
548 1210 591 1221 -
606 1209 647 1218 —
667 1179 737 1234 boec
757 1179 805 1233 ubi
817 1179 889 1234 dicte
908 1180 988 1244 dedit,
1008 1182 1118 1252 strattpit
1134 1179 1260 1251 plodiam
1270 1195 1321 1233 eun

227 1307 312 1366 eoque
321 1291 399 1364 sacto
408 1305 463 1361 per
477 1287 579 1342 medios
590 1286 669 1341 ondit
681 1285 773 1340 meos.
797 1280 870 1340 llinc
893 1280 963 1341 licet
983 1280 1085 1341 borum
1107 1301 1245 1342 uersuum
1260 1281 1333 1341 XVl.

228 1393 319 1454 XVll.
336 1389 432 1451 XVlll
452 1407 558 1450 nexum
574 1389 731 1467 dispicere.
776 1386 839 1446 Nec
859 1389 898 1448 ita
913 1387 1084 1449 incredibile
1108 1399 1151 1450 est
1165 1390 1250 1449 Liuio
1275 1407 1334 1448 cum

229 1501 278 1561 illa
309 1505 445 1559 exararet
463 1496 583 1556 annales
601 1494 685 1555 Ennii
709 1495 883 1554 obuersatos
906 1513 983 1554 esse.
1027 1494 1111 1554 Vnde
1126 1493 1240 1572 Hugius
1264 1493 1334 1553 adeo

230 1605 304 1665 baec
331 1603 438 1662 uerba:
467 1606 537 1662 haee
559 1608 606 1662 utn'
631 1608 703 1662 dicta
730 1608 804 1662 dedit
907 1605 1007 1673 bostis,
1038 1619 1113 1680 quae
1143 1601 1282 1680 procliue
1310 1601 1335 1657 in

230 1710 389 1771 hexametri
408 1726 555 1768 numerum
578 1708 786 1784 concederent,
809 1707 917 1766 Liuium
939 1725 955 1766 a
977 1714 1065 1786 poeta
1085 1717 1243 1768 mutuatum
1263 1707 1334 1766 arbi·

229 1817 368 1877 trabatur.
413 1815 452 1874 m
479 1814 508 1874 id
526 1815 649 1874 maxime
678 1824 782 1875 canent
805 1833 868 1874 cum
897 1811 945 1872 alii
974 1813 1135 1891 scriptores
1157 1823 1217 1874 tum
1239 1813 1334 1872 Liuius

229 1941 266 1982 ne
299 1921 430 2002 pedestri
469 1921 592 1980 orationi
625 1938 728 1980 uersus
759 1921 946 1978 inmisceant:
986 1919 1082 1978 inuitis
1112 1917 1251 1978 excidunt
1281 1935 1333 1977 non

229 2046 380 2108 numquam
414 2036 462 2088 aut
488 2045 592 2086 uersus
621 2037 670 2088 aut
696 2027 850 2086 simulacra
882 2041 1027 2084 uersuum.
1078 2021 1124 2082 ct.
1156 2023 1334 2083 Boetticberi

228 2136 357 2196 Lexicon
370 2134 519 2195 Taciteum
533 2153 562 2213 p.
575 2132 679 2195 XCVI.
723 2133 762 2193 Vt
781 2132 866 2192 ualde
888 2131 1056 2192 mirabiliter
1076 2149 1110 2190 ae
1132 2138 1254 2209 praeter
1269 2146 1333 2188 con·

231 2241 409 2302 suetudinem
440 2239 536 2300 Liuius
566 2239 624 2298 boc
656 2240 724 2300 loeo
756 2241 853 2299 sciens
885 2256 920 2298 ac
943 2238 1046 2297 uolens
1077 2239 1189 2315 integra
1227 2245 1333 2315 poetae

230 2348 321 2408 uerba
343 2365 379 2406 ne
401 2345 529 2421 mitigato
550 2345 665 2424 quidem
687 2355 735 2408 aut
758 2345 915 2406 obscurato
937 2362 1056 2403 numero
1080 2346 1108 2403 in
1130 2361 1211 2402 suam
1237 2361 1333 2402 narra-

229 2455 336 2513 tionem
365 2452 583 2529 adsumpsisset.
629 2450 684 2524 Qui
712 2451 843 2530 quidem,
872 2451 950 2530 quod
977 2449 1105 2510 Naekius
1133 2449 1334 2528 suspicabatur

230 2559 338 2639 Opust.
367 2557 380 2618 l
408 2577 436 2637 p.
467 2556 543 2633 212,
581 2575 720 2616 neceam
756 2574 841 2634 quam
862 2556 984 2616 Orosius
1013 2555 1053 2615 IV
1078 2557 1091 2614 1
1120 2555 1207 2616 tradit
1234 2555 1334 2630 Pyrrhi

231 2665 449 2743 inscriptionem
469 2663 559 2741 (Ann.
575 2661 616 2721 Vl
638 2662 673 2721 ir.
696 2661 767 2741 Xll)
794 2663 877 2722 saluo
900 2671 993 2722 metro
1011 2671 1183 2739 receperat,
1214 2671 1244 2728 et
1273 2680 1332 2721 eum

230 2771 379 2830 celebrem
405 2768 487 2828 Fabii
516 2768 630 2828 laudem
652 2767 810 2828 Ennianum
836 2770 926 2847 (Anu.
950 2767 991 2828 lX
1021 2769 1056 2828 ir.
1078 2766 1162 2847 Vlll)
1196 2767 1333 2842 reierret,

230 2893 346 2935 sensum
376 2881 501 2952 potitae,
535 2891 592 2933 non
618 2892 767 2934 numerum
792 2893 895 2934 uersus
935 2875 1045 2935 curauit
1068 2871 1152 2933 XXX
1178 2872 1234 2936 26:
1269 2879 1335 2933 mitit

230 2989 331 3042 certius
357 2992 397 3040 est
422 3001 504 3056 qoam
533 3001 617 3040 onom
644 2985 779 3042 bominem
807 2985 883 3040 nobit
909 2985 1062 3041 cunctando
1089 3001 1148 3040 rem
1175 2987 1333 3050 restimisse,

228 3095 301 3148 sicot
324 3091 432 3146 Ennio
453 3093 500 3145 ott.
543 3084 607 3146 Nec
629 3085 747 3145 multum
771 3103 828 3165 quo
851 3103 967 3145 uersum
990 3105 1059 3146 esse
1078 3089 1263 3149 demonstres
1287 3105 1333 3145 ua·
1383 3027 1386 3172 1

229 3193 272 3253 let
292 3191 367 3252 baec
390 3191 498 3250 locutio
521 3195 590 3251 boec
608 3196 656 3252 ubi
675 3196 747 3251 dicte
773 3196 862 3267 dedit,
890 3209 945 3269 qua
969 3202 1106 3272 usurpata
1128 3193 1244 3272 quidem
1270 3203 1333 3254 ante
1382 3177 1386 3298 1

231 3317 247 3359 a
270 3299 368 3376 poetis
389 3297 444 3376 (ci.
457 3296 583 3358 Lucilius
602 3297 614 3357 l
634 3299 652 3358 7
671 3296 819 3374 Vergilius
841 3296 914 3356 Aen.
936 3299 963 3359 ll
984 3299 1045 3360 790
1070 3299 1268 3380 viletta.)
1292 3301 1333 3360 ti·

230 3406 294 3465 uius
315 3403 438 3464 subinde
461 3423 529 3464 usus
548 3414 604 3482 est,
626 3405 664 3464 ci.
688 3400 801 3463 Vl133
824 3402 973 3466 Drakenb.
1019 3408 1130 3482 Quare
1152 3407 1244 3467 reieci
1266 3416 1334 3467 tam-

230 3529 314 3590 quam
335 3509 406 3570 Liuii
430 3510 519 3570 uerba
542 3512 645 3589 quibus
670 3510 780 3588 llugius
804 3510 954 3572 liberalius
979 3511 1063 3574 Ennii
1090 3511 1231 3592 reliquias
1254 3513 1333 3574 locu·

230 3619 364 3698 pleturat.

312 3725 413 3786 Verbo
445 3734 560 3802 tangam
589 3723 625 3783 ir.
653 3721 721 3783 XVI
749 3739 806 3802 quo
835 3721 946 3783 Merula
975 3724 1090 3784 Poenos
1119 3733 1262 3786 tormenta
1286 3727 1334 3785 mi-

228 3841 329 3892 nantes
351 3830 494 3909 Regulum
523 3830 703 3909 compellare
729 3828 939 3890 arbitrabatur:
969 3836 1088 3906 amptius
1118 3851 1260 3909 accepere
1289 3838 1334 3892 ob-

226 3945 296 4014 stapo
316 3944 416 3997 tamine
435 3943 515 4002 sotim
536 3937 674 4014 quocirca
706 3937 778 3995 miro
804 3953 858 4013 qua
889 3934 939 3994 ille
970 3937 1057 3995 utitur
1081 3919 1178 3996 'crisis'
1198 3939 1335 4018 exemplo
1385 3949 1386 3952 ’

228 4053 258 4103 et
278 4051 419 4120 econpe‘re
438 4042 526 4103 scribi
550 4051 579 4102 et
595 4059 712 4101 uersum
735 4061 773 4101 ex
795 4050 900 4100 octauo
918 4041 1046 4118 relegari
1069 4042 1097 4100 in
1118 4043 1270 4120 septimum
1295 4044 1334 4102 iu·

228 4147 288 4207 bet.
333 4149 453 4208 Sensum
476 4156 595 4226 poetae,
619 4166 703 4226 quem
726 4167 762 4206 ne
786 4145 915 4206 lloeuius
928 4147 1043 4227 quidem
1065 4146 1189 4226 prem.
1209 4147 1333 4208 Darmst.

231 4252 309 4314 1841
333 4272 361 4313 n.
388 4253 448 4313 152
471 4254 630 4331 intellexit,
659 4253 770 4330 llugius
793 4255 927 4333 percepit
956 4261 985 4312 et
1008 4253 1214 4332 supplemento
1238 4271 1334 4313 exem-
