2752 4944
494 348 736 421 Ruttovtnu
1125 349 1168 416 38

157 515 296 586 Virtute
318 517 536 610 experiamur.
574 519 617 590 nt
634 519 698 589 too
719 520 817 590 simu
839 485 951 613 accipe
972 523 1110 594 oretum:

62 628 128 688 205
157 619 312 702 Quorum
331 622 464 692 uirtutei
485 622 560 692 belli
582 625 715 692 fortuna
732 625 889 718 peperuit,

156 723 351 800 Eorundem
372 725 513 794 libertati
535 747 588 795 me
606 748 744 816 parcere
764 733 890 800 certum
906 735 968 798 est.

155 825 258 896 Dono
277 827 387 897 ducite
408 828 519 921 doque
540 827 730 900 uolentibus
752 852 826 902 eum
848 831 1061 924 magnitudis,

558 962 670 1033 XIV*
971 1031 978 1047 ,

155 1079 234 1162 Quo
253 1081 350 1150 uobis
369 1088 497 1152 mentes
521 1087 630 1152 rectae
654 1106 739 1176 quae
756 1089 846 1155 stare
865 1083 1016 1156 sotebant

155 1182 327 1268 Antehac,
355 1185 516 1256 dementis
536 1207 613 1256 sese
634 1187 759 1257 llexere
778 1188 868 1258 trini?

579 1322 648 1392 XV

64 1445 127 1506 210
157 1438 230 1508 Sed
252 1438 331 1531 quid
353 1461 420 1534 ego
443 1440 495 1512 bie
516 1441 625 1510 animo
647 1443 832 1514 lamentor?

652 1577 669 1613 e

156 1673 284 1747 Orator
302 1679 373 1750 sine
395 1702 477 1772 paee
501 1577 747 1776 redrwegique
767 1682 868 1750 refert
890 1701 969 1749 rem.

566 1816 661 1887 XVII

156 1969 166 1986 .
224 1969 232 1984 .
285 1919 337 1984 ast
357 1915 465 1986 animo
487 1925 646 2010 superant
663 1923 762 2012 atque
782 1941 902 2010 aspera
922 1917 1027 2010 prima

155 2018 310 2088 Volnera
330 2019 407 2088 belli
427 2020 639 2112 despemunt

57 2227 92 2266 est
104 2221 149 2281 qui
162 2221 215 2269 nit:
236 2219 281 2269 olli
296 2222 433 2270 cernebant
444 2224 545 2288 maguis
558 2222 590 2272 de
603 2222 679 2273 rebus
690 2230 804 2286 ugentes.
832 2229 856 2270 et
869 2221 950 2270 idem:
968 2219 1036 2270 ferro
1104 2219 1167 2266 utri-

58 2290 121 2348 que?
158 2290 233 2338 Idem
247 2291 274 2338 in
289 2293 352 2340 ben.
365 2291 390 2340 X
401 2291 452 2342 532
475 2293 575 2356 ‘gustis
587 2307 664 2356 pereo
681 2293 747 2340 tuIs:
766 2305 863 2362 poree
878 2299 962 2338 eutem
975 2297 1013 2338 est
1027 2288 1167 2337 secuudum

56 2359 172 2419 antiquos
188 2373 274 2418 serua,
288 2367 315 2407 ut
330 2359 574 2424 npudLuciIitun'et
586 2361 695 2411 Ennium
709 2361 854 2409 Inuenitur.'
881 2359 956 2408 Vnde
968 2358 1099 2408 liberalius
1113 2357 1167 2405 etli-

56 2435 120 2475 tores
133 2427 265 2477 uensieulo
280 2429 323 2490 qui
337 2429 447 2494 Vergilii
461 2440 500 2479 eet
515 2431 624 2480 Ennium
646 2430 841 2495 locupletarunt.
873 2429 1029 2492 Pomponius
1047 2428 1072 2479 in
1087 2427 1166 2490 Verg.

58 2497 118 2544 Aen.
130 2499 167 2546 III
178 2498 212 2546 12
231 2501 305 2546 ‘oum
319 2500 410 2548 sociis:
428 2515 519 2549 uersus
531 2507 570 2549 est
584 2501 660 2549 Ennii
674 2509 699 2548 et
715 2507 772 2548 sunt
784 2499 864 2547 uerba
873 2497 982 2561 Pyrrhi.⁹
1007 2496 1080 2554 Quod
1094 2495 1168 2544 sebo-

57 2564 106 2613 lion
127 2566 243 2616 adhaec
261 2575 359 2616 tuntum
373 2583 437 2630 quae
455 2577 513 2617 suut
531 2570 659 2634 maguis
678 2569 728 2618 dis
749 2569 876 2634 pertinere
893 2565 1018 2615 intellexit
1031 2564 1168 2628 Philippus

56 2634 202 2699 annemts
272 2636 332 2686 XIV
357 2637 445 2686 Cicero
466 2638 521 2688 Get.
542 2640 602 2687 mal.
624 2637 649 2696 b,
671 2637 704 2688 lb
724 2637 841 2703 (Appius
855 2631 991 2697 Claudius)
1016 2638 1089 2680 ‘oum
1110 2648 1168 2682 sen-

57 2705 133 2752 tentis
151 2711 260 2754 senatus
277 2705 410 2756 iuoIInruet
429 2707 463 2756 od
482 2723 572 2772 paoem
592 2722 650 2756 oum
662 2706 758 2770 Pyrrho
776 2706 918 2767 foedusque
936 2702 1098 2760 leniendum,
1117 2714 1167 2749 non

59 2771 184 2824 dubitauit
200 2774 287 2823 dicere
305 2775 364 2836 illo,
389 2791 454 2838 quse
469 2777 588 2826 uersibus
607 2785 756 2840 persecutus
773 2783 812 2824 est
832 2773 943 2824 Ennius:
964 2773 1027 2836 quo'
1050 2787 1073 2821 e.
1093 2786 1118 2832 q.
1141 2785 1165 2850 .⁵'

58 2846 205 2907 ‘ceteraque
223 2844 391 2908 graonam
419 2854 507 2894 uotum
520 2847 587 2894 enlm
602 2845 677 2894 uobis
690 2859 791 2894 carmen
806 2845 863 2894 est!
932 2841 982 2891 XV
1006 2841 1121 2889 Donatus
1140 2853 1166 2918 nr

58 2909 111 2960 Ter.
132 2914 239 2962 Pborm.
258 2914 282 2963 V
303 2916 363 2973 4‚2
386 2917 492 2980 ‘putore
507 2915 607 2963 animo:
631 2922 738 2964 uenuste
759 2913 873 2963 additum
893 2911 987 2960 auimo.
1023 2909 1120 2958 Ennius
1141 2923 1167 2956 tn

58 2989 127 3029 sexto
141 2983 198 3033 ...’
268 2981 331 3031 XVI
347 2984 430 3033 Varro
444 2983 548 3033 deL.L.
563 2984 657 3033 VIIII
672 2983 706 3032 Μ.
724 2983 810 3048 ‘opud
820 2982 941 3031 Ennium:
958 2979 1054 3029 orator‘
1070 2995 1093 3028 e.
1106 2994 1131 3040 q.
1144 2991 1165 3026 s.

60 3051 184 3102 ‘orator
203 3050 286 3100 uictus
300 3052 332 3101 ab
345 3054 473 3113 oratione3
496 3053 540 3115 qui
553 3054 621 3102 enim
637 3052 717 3102 uerba
729 3053 871 3102 orationum
886 3047 1108 3113 haberetpubliee
1122 3047 1167 3096 stl-

59 3132 146 3169 uorsus
168 3135 230 3170 eum
246 3135 295 3183 quo
314 3121 463 3188 legebatur,
487 3123 519 3172 eb
536 3123 649 3172 oratione
667 3131 752 3171 orator
772 3121 873 3170 dietus.'
908 3119 1038 3169 Oratorem
1052 3117 1166 3176 Cineam,

59 3186 143 3250 Pyrrhi
161 3189 295 3250 comitem,
320 3193 425 3258 agnouit
446 3191 570 3243 columne
638 3189 711 3240 XVII
731 3189 817 3240 SohoI.
838 3191 932 3239 Veron.
955 3189 981 3237 in
1000 3188 1079 3252 Verg.
1101 3185 1165 3234 Aen.

97 3369 147 3422 205
176 3379 331 3440 quorumue
346 3363 445 3420 Bomb.
460 3382 490 3432 a,
505 3381 659 3436 quorumue
674 3363 772 3420 Bomb.
789 3362 805 3416 b
818 3379 855 3416 m.
867 3378 918 3433 pr.
934 3361 1022 3418 Bern.
1037 3359 1165 3430 derf.

128 3451 228 3504 uirtute
237 3449 336 3504 Bamb.
349 3466 366 3503 a
378 3449 394 3503 b
406 3451 456 3517 (m.
462 3451 526 3520 pr.)
537 3449 625 3504 Bern.
638 3449 682 3503 ab
694 3449 761 3520 Erf.
773 3447 866 3502 uittuti
878 3448 963 3501 ceteri
1050 3449 1103 3504 ωδ
1117 3443 1166 3497 ho-

62 3532 175 3588 rundem
188 3532 264 3588 Oebt.
279 3548 354 3588 corr.
370 3548 408 3588 em
419 3533 582 3588 eorundem.
609 3531 652 3605 Cf.
663 3531 859 3588 leobmannus
871 3529 1000 3584 adlucr.
1019 3524 1064 3584 VI
1071 3531 1124 3586 456

99 3617 219 3672 libertati
229 3633 274 3671 me
284 3615 489 3673 Lachmannus.
502 3634 546 3671 me
558 3617 676 3672 libertati
687 3617 750 3672 ttbn'
837 3616 889 3688 not
901 3613 945 3668 dis
956 3612 1020 3670 tibrt
1025 3614 1164 3685 plerique.

64 3697 112 3754 diis
123 3703 221 3756 Bomb.
232 3701 249 3756 b
262 3699 337 3757 Oett.
441 3705 494 3760 ΜΒ
509 3718 564 3774 qua
579 3701 660 3757 uobis
676 3707 750 3756 reete
766 3705 873 3754 mentes
886 3696 1026 3753 Monaec
1110 3712 1164 3765 que

63 3823 130 3872 reete
145 3819 217 3875 θεαὶ.
301 3822 355 3879 2⁰9
374 3817 496 3874 dementi
512 3835 542 3876 se
557 3817 669 3874 Monac.
682 3836 710 3882 α,
723 3818 766 3888 (in
779 3817 863 3872 b'tura
877 3828 952 3873 corr.
968 3827 1006 3868 eo:
1021 3789 1164 3868 dementes

65 3905 157 3971 sese),
188 3903 259 3958 (Iud.
281 3920 346 3958 sese
367 3902 490 3959 dementi
513 3902 588 3959 Oebl.
611 3903 756 3958 dementes
776 3915 840 3956 sese
863 3897 933 3954 Par.
961 3897 1106 3952 dementes
1132 3915 1163 3951 se

64 3981 166 4042 Monac.
182 3988 198 4043 b
212 4002 229 4042 c
313 3988 370 4042 uioi
385 3987 534 4044 Lonrbinus
547 3988 586 4042 ad
595 3986 669 4044 Hor.
683 3987 775 4044 Com.
787 3984 843 4041 III
856 3989 882 4052 b,
894 3987 941 4048 45,
967 3980 1164 4036 Lachmannus

65 4069 99 4122 ad
120 4071 206 4128 Lucr.
231 4069 316 4131 Ino.
343 4073 390 4126 ula
412 4072 483 4137 libri,
509 4074 564 4127 nisi
585 4072 659 4144 quod
692 4075 740 4127 ula
768 4085 824 4142 que
851 4065 926 4122 oetrt.
1031 4069 1084 4123 ult
1117 4071 1164 4119 aut

65 4153 119 4210 cod.
204 4155 469 4212 anImoH.Ke=b'us.
484 4157 794 4225 anirnos(uelaninres)
811 4152 872 4208 cod.
957 4165 1059 4223 aspera
1073 4149 1164 4220 prime
1228 4229 1231 4234 1

67 4234 222 4296 H.I(eilt'ue.
243 4255 295 4316 asp
371 4241 444 4296 rIma
456 4241 515 4298 eod.
532 4239 845 4314 asperrimum
949 4239 1003 4294 21³
1033 4232 1162 4300 uolnera]

80 4345 86 4352 '
103 4338 213 4396 Enmvs.
937 4329 958 4393 3
