2752 4944
493 383 722 440 ΕΝΝΙΑΝΑΕ
1023 393 1159 441 cxxxix

41 571 112 611 rem
136 549 167 608 lri
189 567 293 608 uersus
314 565 462 608 numerum
484 547 656 608 exhibeant:
681 567 718 607 ex
739 548 796 609 boc
819 550 893 608 enirn
916 565 1022 608 uereor
1042 558 1073 607 nt
1095 567 1159 610 curn

42 658 151 736 aliqua
175 654 379 734 probabilitate
405 653 550 714 Sotadens
575 654 743 713 suscitetur·
774 663 874 714 contra
898 673 934 712 ex
954 663 1078 731 utroque
1101 654 1159 713 leni

42 782 137 822 manu
155 761 251 840 possis
265 763 462 820 Saturniorunr
480 760 637 838 particulas
654 762 839 838 confingere:
858 770 906 814 μ’
919 779 1007 835 nepae
1022 761 1068 819 ille
1084 763 1161 820 triste

43 903 55 912 ·
82 869 228 946 φιαέήιάι
257 867 353 941 sindpi
377 871 472 942 Neque
499 869 585 941 eae'pe
613 870 744 926 mae'stum
767 874 810 921 L„
831 874 878 925 et:
897 865 995 921 „aL
1013 887 1075 926 cum
1094 872 1159 942 apo'·

44 983 86 1034 lr'a
101 977 235 1051 -pe'rtert‘s
252 975 432 1032 monemus
451 977 537 1045 Οναηι
557 977 761 1049 inamplidnem
778 975 885 1034 risibiles.
928 972 999 1032 Nam
1021 973 1090 1033 illud
1109 972 1160 1032 ab·

45 1099 157 1140 sonum
175 1089 236 1154 est,
260 1077 336 1156 quod
355 1078 467 1156 quidam
486 1076 533 1136 bio
548 1096 682 1138 oersnnrn
703 1080 771 1139 nihil
787 1081 899 1140 odorati
917 1079 1083 1158 pedestrem
1095 1096 1159 1138 ora·

46 1189 163 1246 tionem
187 1204 254 1244 esse
276 1185 384 1262 opinati
408 1191 483 1242 sunt.

140 1291 220 1350 luter
241 1292 321 1368 ipsas
343 1289 426 1348 Ennii
449 1288 588 1367 rellquias
614 1279 764 1352 inre'meo
786 1293 892 1370 opinor
914 1311 930 1351 a
953 1288 1048 1350 Gellio
1071 1286 1097 1346 ll
1120 1287 1160 1348 29

47 1399 188 1458 traditam
207 1396 319 1474 Aesopi
339 1395 464 1455 labnlam
483 1400 585 1475 recepi
607 1399 680 1476 (inc.
702 1407 756 1458 sat.
773 1398 846 1477 tv):
870 1415 954 1476 quom
973 1395 1023 1453 ille
1046 1393 1082 1452 ab
1104 1393 1162 1452 hoc

48 1513 145 1585 poeta
164 1503 312 1581 quadratis
332 1500 467 1560 uersibus
490 1505 679 1582 compositam
702 1504 796 1563 tradit.
842 1503 996 1562 Nimirum
1019 1510 1066 1560 aut
1088 1497 1162 1560 iallit

47 1629 98 1671 nte
123 1627 228 1669 sensus
255 1617 302 1666 aut
323 1607 363 1666 ibi
385 1605 497 1666 Gellius
525 1605 697 1684 plusquam
725 1615 922 1681 argumentum
945 1605 1092 1665 Ennianae
1116 1623 1160 1663 sa·

47 1729 137 1778 turae
160 1714 297 1775 seruauit.
332 1709 403 1770 Gom
426 1711 500 1770 enim
521 1712 676 1770 narrationi
699 1713 780 1788 ipsos
802 1711 904 1787 quibus
927 1718 1015 1791 potita
1037 1711 1162 1770 tabulam

50 1821 232 1884 concluserit
254 1835 359 1876 uersus
382 1816 520 1892 subiciat⁷
543 1834 600 1875 non
621 1825 677 1875 tam
700 1835 737 1875 ex
760 1815 882 1894 Aesopo
905 1837 955 1878 sna
979 1818 1162 1878 conuertisse

50 1946 140 2006 quam
161 1925 245 1984 Ennii
266 1939 381 1982 carmen
403 1931 521 1982 secutus
539 1924 726 1982 contexuisse
747 1939 910 1980 sermonem
932 1925 1056 1984 uidetur.
1085 1923 1123 1983 Vt
1144 1942 1162 1983 e

52 2040 144 2113 potita
173 2029 257 2089 color
284 2028 396 2107 quidam
425 2029 600 2106 antiquitatis
626 2029 791 2105 supersit,
820 2047 904 2105 quem
924 2031 973 2090 uel
993 2030 1048 2090 hae
1071 2047 1163 2089 uoces

50 2159 88 2199 ac
110 2138 276 2198 locutiones
299 2150 424 2209 arguere
442 2133 610 2194 uideantur:
629 2139 702 2209 pulli
721 2139 952 2208 tremibundi,
971 2138 1162 2209 trepiduli,

50 2251 97 2304 die
115 2246 245 2311 crocini,
268 2246 377 2299 mmmm
396 2244 470 2298 tanc
492 2243 568 2298 nobis
590 2245 734 2312 adiuuent,
756 2244 826 2298 baec
847 2244 894 2300 ubi
912 2245 956 2300 itte
977 2245 1047 2300 dicit
1064 2249 1091 2299 et
1106 2243 1162 2298 dss-

50 2356 150 2422 cesmt,
177 2350 356 2422 obseqtsibilis,
383 2351 474 2421 primo
496 2350 564 2416 laci,
591 2351 685 2404 nidum
713 2353 850 2422 miproatit.
897 2346 955 2405 Sed
979 2345 1052 2405 baec
1079 2354 1162 2405 erunt

51 2456 181 2515 fortasse
204 2453 253 2530 qui
274 2453 365 2530 ipsum
384 2448 522 2525 Gellium,
547 2468 631 2528 quern
654 2454 829 2530 antiquitatis
849 2451 1009 2530 robiginem
1034 2453 1162 2530 inprimis

52 2563 209 2622 deamosse
238 2563 367 2629 constat,
401 2573 417 2612 e
449 2573 502 2614 suo
531 2559 707 2635 antiquarum
741 2559 896 2617 dictionum
917 2575 993 2636 penu
1017 2557 1162 2633 sparsisse

53 2667 221 2744 opinentur.
266 2661 355 2720 Esto:
379 2669 407 2719 at
421 2661 487 2738 quid
508 2661 604 2720 dicant
627 2663 686 2739 titt,
710 2667 735 2723 si
756 2666 884 2742 ipsorum
903 2679 1037 2720 uersuum
1058 2659 1162 2737 quibos

52 2773 129 2832 banc
161 2768 287 2829 fabulam
318 2766 428 2825 Ennius
460 2768 609 2826 contexuit
636 2770 775 2848 reliquias
808 2769 944 2848 quasdam
976 2783 1010 2824 ac
1038 2765 1162 2840 uestigia

54 2869 237 2936 ostendero?
265 2871 336 2930 Nam
358 2872 424 2931 uide
452 2890 517 2930 num
540 2889 624 2931 meae
655 2891 700 2932 me
724 2893 809 2933 aures
839 2873 1016 2947 fefellerint,
1049 2887 1112 2930 curn
1134 2872 1162 2929 in

52 2984 98 3042 his
122 2997 197 3058 quae
218 2987 297 3038 sunt:
328 2981 355 3036 e't
374 2997 473 3036 manus
491 2984 547 3036 iam
569 2983 730 3052 pdstulare;
754 2983 862 3039 me'ssim
884 2983 957 3038 bano
985 2981 1061 3036 nobis
1082 2980 1157 3038 nidm-

54 3096 135 3152 cent;
164 3085 253 3143 stdbnr
282 3090 351 3143 dieto
373 3085 529 3149 oboediant:
550 3092 570 3143 it
587 3088 645 3144 die's
666 3095 692 3144 et
711 3090 794 3143 amici
812 3089 883 3142 ncilla*
901 3095 996 3148 eront;
1016 3086 1070 3159 fiet
1089 3103 1163 3142 nunc

54 3196 135 3251 dubid
150 3195 269 3265 praesb
288 3195 344 3250 ndo
364 3199 478 3249 metetur
500 3194 587 3266 ne'que
607 3201 775 3251 necessumst
794 3193 874 3248 bddie
894 3195 935 3248 uti
953 3210 1003 3250 uos
1022 3193 1162 3266 adseram,

55 3317 117 3356 corn
142 3298 170 3354 in
190 3295 234 3354 his
249 3296 337 3372 igitur
358 3297 467 3354 numeri
486 3297 618 3374 quiddam
636 3297 777 3356 trochaici
796 3296 864 3355 mibi
886 3297 964 3355 uisus
986 3314 1047 3354 sum
1068 3295 1162 3373 perci-

56 3421 143 3481 pere:
174 3409 260 3478 atque
288 3400 421 3460 haecne
444 3400 570 3461 litterula
599 3403 712 3480 quidem
742 3404 877 3462 inmutata
901 3421 933 3462 se
961 3401 1161 3479 prodiderunt,

56 3508 130 3567 node
162 3507 186 3564 si
220 3505 368 3584 proticisci
404 3507 489 3581 licet,
524 3509 648 3587 procliui
683 3508 887 3569 emendatione
922 3506 1047 3566 adhibita
1086 3505 1161 3564 aliae

58 3615 188 3675 eiusdem
206 3613 317 3670 numeri
340 3613 500 3690 particulae
524 3624 690 3691 emergunt,
720 3614 784 3674 uel:
814 3617 865 3672 ads
887 3616 965 3671 modo
985 3615 1037 3670 doc
1058 3613 1162 3668 adoe'r-

57 3729 114 3788 titc;
135 3720 245 3794 siquid
264 3722 370 3777 diener
392 3721 496 3784 denum
518 3724 548 3778 ait
567 3726 622 3778 iam
643 3725 732 3777 statim
751 3723 887 3795 pro'peret
899 3724 980 3793 inque
1000 3719 1084 3774 olitim
1102 3731 1163 3772 sese

57 3829 179 3904 asportet
196 3831 298 3884 locum:
321 3824 386 3883 alia.
433 3823 560 3898 Quorum
576 3835 606 3883 ut
628 3824 697 3883 nihil
719 3842 840 3883 reuera
863 3824 917 3882 hac
937 3822 1039 3899 specie
1060 3821 1087 3877 io
1105 3817 1161 3878 En·

58 3933 93 3990 nii
117 3939 215 3989 satura
228 3929 325 4003 luerit,
350 3936 443 3987 tarneo
465 3939 508 3988 tot
531 3930 662 4010 dispersa
684 3931 711 3987 in
733 3947 787 3988 una
806 3930 970 3988 narratione
990 3926 1073 3985 metri
1094 3943 1161 3984 ues-

59 4039 124 4114 tigia
146 4052 204 4094 nou
226 4034 319 4112 aptius
342 4035 436 4112 repeti
458 4052 541 4112 quam
564 4054 600 4094 ex
620 4036 682 4114 ipsa
706 4034 789 4094 Ennii
814 4035 897 4112 poe‘si
921 4031 1076 4090 concedes.

139 4140 275 4218 Denique
299 4141 326 4198 in
348 4141 467 4199 incertis
489 4149 648 4200 saturarum
668 4140 749 4200 libris
769 4156 873 4200 uersus
892 4137 1030 4216 quosdam
1060 4154 1161 4196 recen·

59 4247 116 4321 sni,
143 4254 407 4324 quorumumetrurn
427 4263 484 4306 noo
512 4245 650 4306 abhorret
671 4246 707 4306 ab
730 4246 898 4321 annalibus,
923 4245 974 4305 sed
997 4263 1072 4325 quae
1095 4261 1160 4303 sen·¹
