2784 4940
500 383 728 442 ENNIANAE
1113 401 1178 448 L111

63 551 188 629 quidem
208 549 245 608 ab
267 551 330 608 eius
354 550 526 608 auctoritate
538 547 687 628 Appianus
708 549 781 609 Ere.
802 550 941 611 SammX
961 561 990 612 et
1006 553 1176 616 Plutarchus

63 656 172 731 Pyrrhi
203 674 228 719 c.
257 654 297 715 20
326 655 472 734 pendent,
509 656 548 714 ita
576 656 677 730 tradit,
706 672 763 714 non
791 657 959 736 redemptos
989 677 1057 718 esse
1085 664 1175 739 capti·

64 779 141 836 uos,
172 760 224 820 sed
251 761 288 820 ad
310 760 472 823 Saturnalia
500 769 608 820 tanturn
636 760 812 822 celebranda
839 779 902 822 cum
930 763 1033 840 legatis
1055 762 1175 825 Romam

64 868 185 927 redisse
214 883 251 925 eo
281 875 386 944 pacto,
416 874 446 924 ut
467 868 521 926 nisi
543 868 654 926 interea
676 884 733 945 pax
753 887 768 926 a
792 867 928 928 Romanis
951 871 1176 930 constitueretur

62 976 94 1032 in
117 971 220 1047 Pyrrhi
240 981 334 1033 castra
350 981 577 1033 reuerterentur.
600 970 646 1032 ct.
664 971 838 1032 Niebubrius
853 974 925 1039 Hist.
942 975 1025 1034 Rom.
1043 974 1172 1037 111586.

64 1079 129 1138 Sed
160 1079 234 1137 idem
256 1077 414 1154 Dionysius
437 1077 527 1155 (Exc.
549 1077 644 1139 XVlll
666 1079 701 1157 7)
731 1079 831 1156 etqui
856 1078 935 1139 illurn
956 1087 1093 1139 secuntur
1114 1080 1173 1159 np-

64 1187 172 1264 pianus
195 1185 267 1245 toxo.
289 1183 383 1246 Sanun.
408 1194 438 1244 et
456 1184 642 1258 Plutarchus,
672 1184 701 1244 id
723 1184 800 1262 qnod
823 1202 886 1243 curn
908 1183 957 1244 illa
980 1203 1012 1244 re
1035 1185 1175 1245 cohaeret

63 1293 230 1366 artissime,
259 1299 327 1370 post
348 1291 459 1350 inritam
484 1291 597 1350 demum
619 1286 727 1349 Cineae
750 1289 926 1365 legationem
948 1289 1110 1350 Fabricium
1136 1290 1174 1350 de
1231 1307 1237 1322 ·

60 1396 245 1456 redimendis
273 1397 395 1474 captiuis
424 1397 542 1455 missum
568 1413 635 1455 esse
665 1403 897 1454 commemorant.
941 1395 1006 1454 Non
1029 1399 1098 1455 item
1116 1395 1172 1456 En·

61 1503 147 1574 nius,
176 1501 201 1558 si
228 1502 296 1579 quid
324 1502 361 1562 de
386 1502 479 1562 Ennio
507 1501 578 1562 licet
601 1520 617 1560 e
637 1499 709 1559 Liuii
731 1502 868 1560 memoria
890 1501 1058 1579 conligere:
1086 1519 1172 1580 quem

62 1625 132 1668 curn
164 1606 303 1686 periocha
333 1606 401 1667 Xlll
427 1617 485 1666 turn
511 1605 669 1686 Eutropius
697 1606 745 1685 (ll
774 1605 832 1685 12)
860 1607 1036 1685 persuadent
1063 1605 1171 1669 Cineae

61 1714 246 1790 legationem
266 1713 357 1774 altera
372 1713 496 1773 Fabricii
519 1713 713 1791 posteriorem
734 1712 912 1778 exhibuisse.
950 1713 1013 1774 Nec
1029 1713 1173 1791 denegata

61 1823 120 1880 iarn
145 1837 162 1878 a
182 1817 318 1878 Romanis
340 1834 413 1895 pace
437 1816 575 1890 Pyrrhum
596 1817 738 1880 credibile
762 1826 807 1876 est
826 1817 970 1878 dimisisse
992 1820 1054 1879 sine
1076 1821 1171 1898 pretio
1227 1893 1230 1898 Ι

63 1926 215 2003 captiuos:
240 1932 340 1983 contra
362 1921 432 1982 illud
454 1924 540 1982 etiarn
560 1926 719 2003 repudiatis
742 1920 850 1983 Cineae
871 1923 1083 1984 conditionibus
1103 1943 1170 2002 pru·

62 2031 144 2091 denti
173 2029 297 2088 consilio
324 2029 401 2105 egit,
430 2027 509 2105 quod
536 2028 658 2105 captiuis
687 2046 749 2087 cum
776 2027 915 2090 redeundi
943 2031 1121 2089 necessitate
1142 2031 1171 2088 ni

62 2139 176 2196 interea
200 2153 257 2214 pax
280 2135 364 2193 lieret
390 2132 509 2194 Romam
531 2131 678 2211 proficisci
699 2135 837 2212 permisit.
884 2131 946 2205 Qua
969 2151 1085 2192 recum
1107 2152 1170 2194 earn

62 2242 206 2303 redeundi
229 2240 422 2300 conditionem
443 2238 479 2298 ab
495 2238 587 2298 Ennio
610 2234 732 2294 alienam
755 2253 822 2296 esse
842 2247 872 2297 et
893 2256 930 2295 ex
950 2239 1021 2314 ipsis
1037 2239 1171 2300 uersibus

64 2346 166 2426 (Xlll)
187 2346 343 2425 adpareat,
371 2355 400 2406 et
423 2345 565 2405 indicetur
587 2343 624 2402 ab
647 2359 683 2400 eo
715 2342 760 2400 cui
783 2341 959 2402 luculentum
980 2343 1170 2420 fragmentum

62 2452 222 2526 debemus,
246 2448 390 2512 Cicerone
412 2451 464 2529 (de
483 2450 533 2511 oli.
556 2449 569 2508 l
592 2447 640 2524 12,
665 2446 720 2508 38:
741 2447 779 2508 cl.
798 2447 972 2508 Niebubrius
991 2448 1063 2509 Hist.
1085 2449 1168 2509 Rom.

61 2557 103 2617 lll
126 2557 221 2636 586):
249 2558 316 2617 inde
338 2575 524 2636 consequens
554 2565 617 2630 est,
648 2563 678 2612 ut
701 2554 776 2632 apud
799 2553 919 2613 Ennium
942 2554 969 2612 ei
993 2555 1036 2613 rei
1057 2554 1170 2613 inritam

62 2662 173 2723 Gineae
199 2663 375 2740 legationem
398 2681 455 2722 non
482 2661 677 2722 antecessisse
699 2659 880 2720 arbitremur.
924 2657 1065 2717 liberatis
1083 2658 1170 2733 igitur

62 2770 187 2847 captiuis
212 2766 338 2844 Pyrrbus
364 2765 482 2827 Cineam
510 2776 673 2841 oratorem,
698 2783 756 2843 quo
785 2765 821 2825 de
849 2762 915 2823 uide
943 2781 1017 2840 quae
1047 2763 1169 2840 egregie

61 2874 238 2934 Niebubrius
259 2871 332 2933 Hist.
351 2873 434 2931 Rom.
456 2872 576 2934 111562
602 2873 740 2950 exponit,
768 2865 887 2926 Romam
913 2865 989 2924 misit
1017 2864 1054 2924 de
1083 2881 1168 2944 pace.

62 2983 230 3056 Romanos,
257 2998 321 3038 curn
349 2980 404 3038 iarn
434 2980 461 3036 in
491 2993 527 3036 eo
551 2986 650 3037 essent
672 2985 702 3035 ut
723 2983 800 3034 ratas
824 2971 965 3030 baberent
987 2972 1168 3031 conditiones

61 3088 184 3164 Pyrrhi,
215 3086 251 3146 ab
276 3102 312 3144 eo
342 3085 466 3143 consilio
495 3083 583 3161 Appii
607 3080 719 3143 Claudii
746 3078 838 3138 oratio
867 3076 1032 3136 reuocauit:
1066 3093 1083 3134 e
1112 3092 1169 3153 qua

63 3197 214 3268 oratione,
244 3192 324 3250 cuius
342 3191 472 3268 speciem
496 3206 513 3246 e
532 3185 727 3246 Niebuhriano
748 3182 885 3260 exemplo
914 3180 1002 3258 (Hist.
1025 3180 1107 3240 Rom.
1128 3178 1169 3239 Ill

62 3303 120 3362 571
146 3299 233 3378 sqq.)
254 3298 347 3355 animo
371 3294 537 3372 concipias,
570 3292 627 3351 duo
650 3265 762 3351 restant
782 3287 904 3349 frustula
926 3285 1053 3346 Enniana
1073 3284 1168 3363 (XlV.

61 3408 149 3485 XV):
173 3420 294 3484 quorum
312 3401 434 3462 alterurn
452 3396 551 3475 (XIV)
573 3398 602 3455 in
624 3414 675 3454 sua
696 3394 784 3474 Appii
805 3395 937 3454 oratione
960 3390 1084 3451 reddidit
1101 3388 1168 3450 Nie-

62 3513 190 3576 bubrius.
238 3507 352 3581 Quare
372 3507 434 3564 sine
458 3521 532 3582 pace
556 3502 630 3562 redit
648 3509 747 3560 orator
770 3498 893 3578 (Cineas
914 3496 990 3560 baud
1011 3494 1113 3571 dubie)
1138 3501 1168 3551 et

63 3621 124 3696 regi
148 3635 212 3677 rem
230 3614 321 3674 reiert
341 3610 456 3691 (XVl):
477 3611 505 3668 iu
527 3609 607 3668 cuius
625 3615 750 3666 mentem
771 3605 908 3683 adprime·
921 3599 1079 3661 conuenire
1100 3595 1167 3656 mibi

62 3728 140 3784 nisus
163 3730 210 3782 est
229 3736 348 3778 uersus:
371 3725 416 3775 ast
436 3722 527 3774 animo
547 3722 685 3788 superant
705 3730 731 3770 e.
749 3727 777 3786 q.
797 3727 821 3771 s.
844 3704 968 3784 (XVll).
1012 3701 1048 3760 Ni
1067 3701 1167 3760 mirum

61 3830 210 3888 Romanos
232 3826 271 3885 ait
285 3821 390 3882 Cineas
414 3821 496 3900 primi
514 3816 618 3896 proelii
640 3816 832 3876 calamitatem
854 3825 996 3888 spernere
1014 3808 1167 3884 animoque

63 3940 236 4013 superantes
264 3931 300 3990 ad
329 3927 536 4008 experiendam
568 3940 658 4003 porro
688 3920 759 3980 belli
787 3919 929 3978 fortunam
951 3913 1167 3991 propensiores
1198 3982 1204 3998 ,

62 4057 147 4120 quam
176 4037 213 4097 ad
242 4036 424 4115 pangendam
452 4049 554 4111 pacem
581 4047 659 4090 esse.
705 4024 758 4086 Cui
780 4022 881 4098 Pyrrhi
904 4018 1072 4096 (tineaeque
1098 4033 1166 4076 con·

62 4145 162 4222 loquio
185 4141 255 4201 licet
277 4141 402 4201 fortasse
426 4140 512 4200 etiarn
534 4137 609 4196 bunc
630 4150 746 4194 uersum
766 4137 814 4208 qui
837 4134 923 4189 uincet
941 4146 996 4187 non
1019 4134 1060 4184 cst
1079 4130 1168 4184 uiewr

60 4258 115 4312 nisi
140 4256 231 4310 uictus
257 4252 363 4326 saletto
390 4244 559 4324 (inc.'sed.
584 4239 715 4317 XXXV)
744 4235 984 4309 adcommodare,
1022 4233 1084 4292 siue
1109 4230 1167 4290 hoc
