2784 4940
511 401 742 458 ENNIANAE
1088 407 1177 456 XLIII

66 571 118 648 qui
142 569 237 628 Seruii
258 568 383 629 cadauer
404 569 433 626 in
445 569 490 626 uia
509 575 682 646 prostratum
701 567 871 626 adhortante
883 565 977 624 Tullia
990 565 1178 624 transuehere

68 692 127 733 non
150 675 310 736 abhorruit.
356 670 401 733 CI.
423 673 519 733 Liuius
541 673 554 733 1
575 673 625 733 48.
648 671 767 732 Ouidius
786 669 863 729 Fast.
884 669 924 729 vl
945 671 1007 731 605
1025 689 1128 746 corpus
1149 681 1179 730 ut

66 786 190 856 aspexit,
214 777 336 839 immanis
357 785 456 856 auripn
471 783 602 854 profusis
614 781 728 837 Restitit.
751 779 825 835 dunc
846 782 895 835 tuti
913 781 1177 853 corripititiasono:

67 890 186 962 ‘Vadis
207 908 244 945 on
267 894 399 962 expectas
419 891 542 961 pretium
559 891 672 961 pietrrtss
694 890 847 942 omarum?
879 885 950 954 Diae,
970 887 1091 956 inquom,
1107 886 1178 939 inui-

66 1003 112 1051 tas
131 997 195 1068 ipsa
217 1009 273 1067 per
290 1011 343 1051 oro
370 998 471 1050 rotast'
496 998 577 1054 Certa
599 996 670 1068 fidos
690 995 768 1067 sacti.
819 985 866 1046 Fr.
897 983 974 1059 XIII,
998 985 1075 1064 quod
1096 985 1178 1046 heroi

66 1115 175 1157 uersus
201 1097 322 1156 formam
347 1095 478 1178 libergio
511 1107 663 1177 acceptam
693 1096 802 1169 refert,
838 1090 1030 1172 probahiIiter
1061 1091 1111 1151 ilie
1142 1091 1177 1152 ad

66 1203 218 1280 TarquInii
239 1219 287 1260 res
311 1200 415 1262 refert.
462 1203 517 1277 Qui
535 1222 598 1263 cum
611 1205 723 1263 somnio
736 1219 783 1277 eo,
807 1200 913 1278 quode
926 1197 1014 1257 Bruto
1031 1197 1114 1257 Accii
1131 1194 1177 1256 Gi·

67 1323 143 1368 cero
167 1310 204 1369 de
232 1307 288 1366 diu.
315 1305 399 1382 122,
422 1309 462 1368 44
484 1308 654 1388 (Ribbeckii
675 1308 762 1384 Trag.
786 1306 846 1366 Lat.
870 1304 924 1364 rei.
956 1323 984 1383 p.
1015 1302 1093 1383 238)
1121 1313 1177 1363 tra·

65 1399 156 1490 didit,
185 1415 359 1494 perterritus
382 1424 478 1490 esset,
509 1414 725 1476 coniectoribus
747 1415 795 1492 qui
824 1421 854 1470 ut
882 1409 957 1489 apud
986 1408 1106 1469 Accium
1136 1408 1177 1468 tut

66 1519 174 1596 (Ruth.
199 1519 218 1580 i.
241 1519 260 1578 l.
285 1537 313 1598 p.
334 1517 411 1600 239)
441 1524 532 1581 uisurn
555 1525 583 1582 in
605 1524 708 1583 malam
736 1529 848 1599 partem
873 1517 1055 1593 iuterpretati
1079 1523 1178 1574 essent

66 1626 165 1703 potuit
187 1627 215 1683 in
237 1625 311 1686 hanc
332 1631 504 1688 sententiam
524 1635 627 1706 atiqiaot
643 1635 749 1687 somnia
770 1645 840 1686 uera
859 1643 933 1700 esse,
961 1633 990 1681 ut
1009 1627 1100 1682 omnia
1121 1642 1176 1682 nan

65 1751 130 1816 esse
156 1751 268 1792 necessa
294 1737 492 1811 respondere:
529 1735 583 1794 nisi
611 1732 735 1794 Tulliam
768 1732 815 1791 ueI
845 1730 930 1790 aIium
961 1730 1062 1788 nescio
1091 1745 1177 1807 quern

66 1838 257 1916 Tarquinium
277 1857 387 1916 angore
411 1860 584 1919 percussum
604 1842 660 1900 hoc
683 1841 761 1898 dicto
786 1837 965 1898 consolatum
986 1853 1053 1895 csse
1075 1837 1175 1895 mauis.

65 1944 210 2022 Sequitur
231 1943 379 2006 calamitas
403 1946 571 2008 Lucretiae:
600 1947 656 2006 hoc
676 1965 760 2025 quern
781 1943 928 2005 Charisius
951 1942 976 2002 II
998 1961 1027 2020 p.
1056 1941 1110 2002 181
1145 1941 1175 2002 P.

51 2051 158 2124 ,tradit
180 2050 327 2110 uersiculo
357 2057 404 2111 tibi
426 2061 484 2114 uita
512 2057 568 2115 Seu
595 2073 670 2114 mars
694 2059 722 2111 in
745 2055 845 2111 mundo
864 2059 905 2110 est
925 2051 997 2125 (inc.
1021 2048 1083 2108 sed.
1108 2049 1176 2127 xl),

65 2159 178 2216 Sextus
197 2155 368 2234 Tarquiuius
398 2159 515 2238 adloqui
538 2161 699 2223 Lucretiam
728 2157 860 2232 uidetur,
895 2154 971 2214 conl.
994 2153 1075 2213 Liuio
1098 2155 1110 2213 I
1136 2153 1176 2214 58

58 2253 138 2319 “tace
161 2265 301 2322 Lucretia’
323 2271 426 2340 inquit,-
455 2271 533 2326 ‘Sem
559 2270 726 2340 Tarquinius
744 2283 822 2328 sum,·
841 2264 953 2339 serrum
972 2267 1001 2321 in
1020 2269 1179 2324 manassi:

63 2374 190 2427 moriere
218 2374 244 2427 si
268 2377 391 2431 anseris
413 2379 527 2432 uocem’.
571 2371 682 2431 Eodem
709 2368 807 2428 refero
837 2367 872 2427 ir.
895 2366 962 2428 XIV
986 2375 1015 2426 et
1036 2365 1106 2425 XV:
1142 2385 1177 2426 ac

63 2473 158 2533 Lares
178 2474 293 2550 quidem
313 2479 520 2553 percommode
538 2477 672 2537 LucreIIa
690 2476 804 2550 dicitur,
828 2474 904 2534 domi
920 2481 1106 2551 attemptata,
1127 2475 1177 2532 im·

65 2580 191 2657 pIorare
217 2580 397 2660 eandemque
428 2583 502 2642 deos
531 2582 567 2641 de
603 2582 769 2641 Innocentio
797 2589 985 2640 antestantem
1018 2587 1046 2638 in
1072 2587 1177 2639 caetum

61 2691 151 2745 staltis
167 2688 334 2761 salpentiius
355 2697 451 2763 uptam
473 2697 633 2766 aspersisse
655 2689 837 2749 crediderim.
877 2686 961 2746 Vnde
992 2703 1178 2764 consequens

62 2801 124 2866 est,
150 2801 302 2851 uteorum
325 2811 461 2853 uersuum
482 2795 554 2856 ordo
577 2797 745 2855 inuertatur.

154 2895 291 2970 Quarti
310 2900 456 2960 annalis
474 2905 522 2979 qui
536 2911 632 2962 notam
651 2901 798 2980 praeierat
813 2917 885 2959 unus
898 2899 984 2959 hodIe
998 2909 1078 2959 extat
1089 2917 1105 2959 a
1118 2898 1176 2958 dia·

68 3004 177 3064 crohio
201 3005 260 3064 Sat.
285 3005 356 3065 VII
384 3009 578 3086 naastan.
602 3008 722 3068 traditus
749 3007 927 3067 uersiculos:
958 3011 1079 3067 Romani
1094 3012 1177 3066 scalis

62 3131 175 3171 samma
196 3117 320 3172 nituntur
340 3135 421 3189 opum
445 3122 474 3175 ui
495 3115 568 3194 (V):
598 3135 614 3175 e
638 3133 696 3194 quo
720 3124 826 3175 tantum
855 3114 938 3174 abest
967 3123 996 3173 ut
1028 3113 1064 3172 de
1092 3131 1175 3190 argu·

62 3225 166 3276 mento
190 3215 255 3276 libri
278 3219 475 3280 conIecturam
499 3239 607 3300 capere
631 3222 736 3296 IIceat,
760 3231 789 3280 ut
813 3240 848 3280 ne
868 3221 905 3282 de
928 3229 1030 3280 tenore
1061 3221 1176 3298 quidem

64 3324 114 3382 cui
137 3321 189 3381 ille
212 3326 447 3386 accommodatus
460 3329 496 3386 sit
510 3331 662 3407 quicquam
680 3329 851 3388 addrmarIm
864 3325 1066 3388 confidentius¹
1094 3324 1175 3384 Liuio

63 3430 162 3489 ascito
183 3430 231 3507 qui
254 3429 294 3489 IV
308 3428 348 3489 59
364 3430 401 3490 de
418 3431 544 3493 Anxuris
564 3435 644 3494 urbis
664 3435 879 3513 expuguatIone
892 3439 930 3493 ad
941 3453 1020 3510 quem
1036 3438 1176 3492 tremuitam

63 3536 159 3614 inquit
180 3540 362 3612 obstupefacti
385 3543 433 3615 qui
457 3543 594 3599 aduersus
618 3547 735 3601 Fabium
760 3545 855 3601 urbem
882 3546 1005 3615 infimam
1033 3542 1178 3598 tuebantur

63 3647 156 3701 locum
189 3646 289 3702 dedere
323 3649 416 3702 scotos
443 3649 623 3705 admouendi.-
652 3653 792 3724 plenaque
819 3651 933 3705 hostium
960 3654 1059 3704 cuncta
1087 3653 1177 3715 erant,

64 3748 134 3807 uide
150 3765 216 3806 num
233 3751 261 3807 in
280 3759 413 3809 enarrata
433 3751 495 3809 eius
518 3750 596 3811 urbis
619 3753 794 3812 obsessione
812 3751 941 3811 EnnIana
962 3751 1061 3809 sedern
1082 3750 1174 3806 uersi-

63 3853 152 3913 cqus
174 3857 374 3916 nanciscatur:
398 3865 428 3915 ut
451 3865 516 3916 ante
539 3857 575 3918 Ir.
599 3858 639 3919 lll
661 3858 698 3918 de
721 3873 779 3936 quo
803 3857 876 3916 inira
897 3856 990 3916 dicam
1018 3854 1173 3914 conlocan-

62 3961 119 4019 dus
140 3961 186 4021 sit.
237 3960 276 4021 At
304 3961 332 4019 in
355 3979 479 4039 quanam
505 3963 584 4022 urbis
613 3964 734 4025 alicuius
764 3964 982 4041 oppugnatione
1006 3962 1056 4022 tali
1086 3979 1174 4020 uersu

62 4067 105 4125 uti
133 4063 242 4127 Ennius
268 4084 325 4126 non
356 4066 469 4145 potuit?
500 4067 545 4129 Ne
569 4071 640 4130 flues
669 4071 786 4148 quidem
814 4069 897 4129 huius
926 4067 1035 4128 annalis
1064 4069 1173 4126 certios

64 4175 135 4250 poni
158 4183 294 4252 possunt:
325 4174 360 4234 ab
385 4175 470 4234 initiIs
493 4177 536 4234 rei
559 4175 695 4254 pubIIcae
715 4195 779 4235 eum
810 4193 946 4235 exorsum
970 4193 1049 4248 esse,
1078 4191 1173 4233 rerum

62 4279 269 4339 narrandarum
289 4297 449 4359 progressu
474 4284 608 4358 exigitur.
654 4283 699 4342 Ac
718 4283 837 4360 primum
856 4285 885 4342 in
908 4283 982 4341 hunc
995 4280 1097 4341 Iibrurn
1111 4280 1173 4340 bel·
