2784 4940
538 345 769 401 Ennlnnntc
1089 353 1188 400 nxvu

66 507 174 566 lretum
198 505 367 566 Gaditanum
393 507 556 584 designari,
582 507 692 584 Ilugius
720 509 847 568 fortasse
872 507 968 566 locum
990 507 1019 564 in
1047 524 1144 585 pugna
1166 525 1183 566 a

63 612 165 670 Laelio
189 613 322 691 inipso,
347 622 377 673 ut
398 613 495 672 Liuius
513 611 636 672 XXVIII
655 613 694 673 30
712 616 767 688 ait,
798 616 901 693 rapido
923 612 1000 671 ireto
1028 614 1181 672 commissa

65 719 205 778 habuisse
224 719 389 796 suspicatos
414 727 469 777 est.
499 719 591 778 Porro
611 719 756 796 Scipionis
775 719 916 778 aduentus
938 719 966 776 in
985 718 1113 780 Africam
1132 720 1181 778 tri·

64 822 121 880 bus
140 831 170 880 ut
196 833 265 900 puto
286 823 455 900 fragmentis
480 825 517 882 V.
539 824 589 884 VI.
613 824 666 884 III
694 825 888 901 significatur,
920 841 1041 902 quorum
1062 823 1102 884 vt
1123 824 1180 884 IItr·

64 929 132 1003 gius
164 945 281 1006 quoque
303 930 361 989 hoc
386 929 454 990 loco
477 931 583 991 editum
613 933 790 992 coniecerat.
835 927 907 988 Nam
935 939 966 988 ut
991 947 1100 1006 negare
1124 946 1183 988 uon

65 1049 204 1110 possum,
233 1034 341 1094 nullum
370 1053 471 1098 eorum
498 1055 633 1096 uersuum
663 1055 720 1098 non
747 1039 877 1116 potuisse
900 1038 985 1096 etiam
1008 1035 1044 1095 ad
1070 1033 1179 1112 Reguli

65 1141 217 1199 transitum
238 1140 359 1215 referri,
391 1150 486 1228 tamen
504 1143 659 1221 trepidatio
686 1163 722 1204 ac
744 1151 840 1221 pauor·
859 1159 944 1220 quem
963 1147 1051 1219 pojeta
1070 1140 1179 1217 signid-

65 1255 113 1304 cat
135 1245 274 1305 dirorum
301 1256 330 1305 et
358 1247 402 1305 uis
424 1264 527 1324 magna
555 1267 629 1328 quae
655 1251 784 1309 traicitur
806 1250 955 1326 copiarum
978 1246 1065 1325 paulo
1086 1248 1178 1322 magis

64 1350 134 1409 huic
162 1370 248 1430 quam
276 1352 400 1410 indicaui
428 1355 575 1412 occasioni
600 1357 758 1414 conuenire
785 1353 966 1414 uidebantur.
1013 1351 1057 1412 Cf.
1081 1349 1179 1410 Liuius

63 1453 166 1514 XXIX
180 1455 230 1514 25.
247 1455 298 1515 28.
327 1449 390 1516 Nec
413 1460 476 1517 scio
496 1478 532 1518 an
554 1478 591 1519 ex
614 1461 733 1518 incertis
755 1457 858 1516 eodem
876 1459 1040 1536 pertineant
1061 1455 1091 1515 hi
1113 1475 1178 1516 uer·

63 1579 131 1618 sus:
146 1566 304 1637 ratibusque
313 1566 451 1638 fremebat
461 1567 555 1623 Imber
563 1569 684 1640 Neptuni
692 1562 848 1642 (XXXIX)
858 1572 904 1621 et:
922 1567 1043 1621 tonsillas
1057 1570 1178 1638 rapiunt,

64 1671 206 1740 ronfipont
223 1672 293 1738 litero,
316 1673 441 1726 adveneras
467 1668 558 1748 (XL).
603 1671 732 1744 Quorum
755 1670 841 1729 illee
864 1668 1061 1745 descriptione
1084 1676 1178 1726 traue-

65 1769 162 1828 hentis
185 1772 214 1829 iu
233 1771 363 1831 Africam
388 1774 532 1853 Scipionis
562 1775 729 1854 desumptus
750 1776 866 1836 uidetur
883 1772 959 1834 conl.
980 1772 1061 1832 Liuio
1082 1771 1179 1834 XXIX

65 1875 122 1934 27:
146 1887 227 1935 uento
239 1883 358 1937 secondo
379 1884 531 1941 ordenenli
548 1890 617 1942 satir
626 1889 755 1957 preelecti
770 1888 895 1941 celeriter
916 1901 932 1938 e
952 1889 1099 1954 conspectu
1124 1891 1179 1938 ler-

66 2000 118 2038 roe
138 1987 225 2040 ablati
240 1994 304 2042 sunt
327 2027 334 2040 .
354 2029 361 2041 .
381 2030 389 2043 .
412 1992 498 2045 lenr'or
524 1995 622 2046 uentus
648 1993 676 2046 ln
707 1994 761 2046 olto
779 1991 873 2061 factrus
890 2021 930 2031 -
949 2021 992 2030 -
1010 2005 1179 2061 prosperum

65 2092 268 2160 edomationem
294 2095 354 2149 sine
380 2101 489 2148 terrore
515 2113 550 2150 ae
579 2099 692 2152 lumullu
713 2097 803 2168 suone
828 2095 971 2165 penneltc
994 2095 1108 2150 Graecis
1123 2097 1178 2150 Lc-

65 2199 185 2266 linoque
206 2199 363 2254 auctoribus
383 2201 501 2254 credidi:
531 2197 623 2256 altero
644 2206 738 2256 autem
757 2196 859 2274 rapide
881 2214 971 2256 naues
994 2197 1178 2275 adpellentes

65 2298 173 2357 miIites
193 2298 356 2376 pinguntur.

153 2404 254 2482 Scipio
282 2423 347 2464 cum
375 2405 534 2466 Hannibale
559 2407 745 2484 congreditur
768 2405 851 2487 (IX).
896 2404 1078 2467 Gouueniunt
1103 2409 1177 2467 enim

67 2528 132 2568 cum
160 2509 216 2569 hac
242 2509 326 2569 Ennii
353 2513 496 2571 sententia
524 2513 647 2571 unanime
678 2531 752 2590 quae
778 2511 900 2572 eundem
923 2510 1110 2572 Hannibalem
1132 2511 1176 2569 Ii·

66 2617 131 2674 uius
151 2612 235 2673 XXX
256 2613 296 2674 30
323 2624 453 2675 orantem
474 2616 559 2675 iacit:
584 2618 719 2680 conferas
740 2618 788 2678 uel
809 2617 898 2677 haec:
925 2622 1065 2674 maximae
1082 2621 1179 2690 cuique

64 2727 200 2795 fcrlunae
221 2728 328 2780 mtnime
353 2727 520 2781 credendum
540 2734 602 2781 est.
620 2767 627 2780 .
647 2768 655 2780 .
677 2730 771 2783 melior
798 2731 932 2799 tutiorque
960 2731 1001 2780 est
1020 2729 1096 2780 certa
1112 2740 1179 2794 pace

67 2849 150 2902 quum
171 2837 286 2902 sperato
308 2834 437 2886 uictoria:
460 2832 530 2887 ltoec
550 2835 578 2888 ln
601 2837 656 2899 tua,
678 2834 725 2886 illa
741 2836 769 2887 in
785 2834 897 2888 deorum
912 2847 996 2886 manu
1017 2835 1065 2887 est.
1093 2845 1128 2885 ne
1143 2835 1180 2884 tot

67 2953 206 2991 <annorum
227 2935 382 3007 felicitatem
397 2940 431 2991 in
454 2940 535 2992 unius
556 2938 643 2993 leorae
666 2939 775 2992 dederis
797 2939 950 2992 discrimen.
995 2931 1051 2991 Vbi
1072 2930 1178 2991 Hanni-

68 3038 142 3097 balis
166 3037 325 3118 periculum
340 3039 506 3116 Scipionem
526 3038 721 3118 compellendi
744 3038 779 3098 ad
802 3055 905 3116 pacem
924 3039 1038 3097 inritum
1060 3038 1175 3114 cecidit,

69 3143 212 3220 proelium
239 3152 364 3223 parator.
410 3142 517 3202 IIilites
539 3145 707 3204 cohortatus
732 3145 793 3202 siue
823 3144 922 3222 Scipio
946 3145 1077 3203 estsine
1102 3144 1176 3203 Hau-

69 3249 161 3308 nibal:
180 3255 231 3308 scd
249 3255 315 3325 quid
334 3269 383 3326 epo
402 3254 472 3309 haec
487 3261 626 3312 memoro?
651 3257 751 3310 dictum
762 3254 921 3325 factumque
933 3253 1005 3323 facit
1017 3251 1121 3328 fretu(
1150 3256 1176 3328 ).

70 3355 166 3430 Pugna
184 3356 366 3413 committitur
382 3354 470 3434 (XI):
492 3356 628 3434 fugantur
646 3356 708 3415 Alri
725 3375 760 3416 ac
779 3364 874 3415 castra
890 3354 1060 3432 diripiuntur
1076 3351 1175 3431 (XII).

152 3460 229 3520 Dein
251 3468 340 3538 poeta
363 3463 505 3521 uictorem
532 3463 698 3539 Scipionem
724 3463 824 3522 nescio
856 3478 912 3539 quo
942 3477 1017 3517 nexu
1045 3458 1176 3517 laudibus

71 3566 170 3626 eiiert:
209 3566 284 3625 unde
323 3567 433 3626 residet
469 3577 498 3626 ct
535 3569 592 3628 hoc
630 3567 782 3627 frustulum
815 3570 907 3640 Scipio
944 3569 1044 3623 inulclc
1076 3561 1176 3640 (XIII)

72 3681 100 3730 et
125 3673 150 3730 is
178 3689 281 3731 uersus
309 3675 354 3732 cui
381 3691 456 3733 nuuc
478 3675 608 3752 paenitet
628 3675 656 3731 in
685 3671 826 3730 saturisa
854 3685 899 3726 mc
922 3667 1018 3726 locum
1044 3666 1177 3742 adsigna-

71 3786 128 3835 tum
157 3795 243 3835 esse:
275 3784 322 3837 uel
347 3788 376 3836 tu
403 3783 529 3839 dictator·
547 3784 593 3838 uel
612 3798 743 3853 equorum
772 3780 942 3850 eqoimmque
962 3779 1091 3847 mapr'ster
1113 3777 1179 3831 Esto
1251 3821 1253 3826 .

71 3889 114 3942 oet
140 3888 238 3942 cornel
265 3883 341 3960 (Sat.
367 3902 394 3940 ιι.
422 3882 458 3942 18
480 3884 553 3961 sq.).
599 3883 663 3956 Quo
695 3897 782 3939 uersu
813 3878 979 3954 ScipIouem
1008 3874 1179 3954 compellari

73 3985 184 4045 Merula
206 3985 276 4044 uidit
304 3989 381 4046 conl.
403 3988 484 4047 Liuio
508 3986 660 4048 XXXVIII
679 3985 734 4045 56:
758 3989 918 4058 eostlpalum
948 3989 1019 4041 enlm
1042 3987 1179 4057 quondam

73 4097 106 4150 ab
126 4112 158 4150 eo
173 4097 308 4167 populum
329 4101 376 4168 ait,
396 4099 470 4168 quod
484 4114 546 4153 eum
563 4100 726 4168 perpetuum
745 4093 881 4148 consrrlem
903 4097 929 4146 et
949 4091 1106 4146 directorem
1122 4091 1179 4144 uel-

72 4203 106 4256 let
124 4201 232 4272 facere.
276 4195 322 4258 ct.
342 4199 476 4259 Valerius
494 4198 634 4259 Iiaximus
655 4197 694 4256 IV
716 4196 743 4270 l,
761 4194 789 4253 6.
829 4194 874 4253 De
895 4193 1043 4271 proxumis
1066 4190 1178 4252 duobus
