2784 4940
492 385 724 445 ENNIANAE
1091 395 1164 444 Lvll

43 555 104 614 lib.
132 552 246 631 xxvi)
276 553 401 614 uocabat
429 555 483 614 arti
511 553 649 616 adhibuit.
694 553 766 614 Nam
789 550 929 612 Naeuium
955 569 1012 610 non
1033 554 1165 630 attigisse

43 664 247 722 hexametros
278 668 391 719 constat
417 661 503 720 bodie
530 677 588 719 non
607 661 756 735 omnibus,
785 659 836 718 sed
856 659 1021 736 plerisque:
1051 661 1088 720 de
1109 679 1166 738 qua

44 787 83 828 re
128 785 213 845 qnam
241 785 318 826 nnnc
349 783 407 826 non
437 783 600 844 persequor
635 765 772 844 quidquid
802 763 990 840 iudicabitur,
1032 782 1085 824 eos
1117 767 1166 844 qui

44 886 203 952 tamqnam
221 870 362 931 Naeuiani
385 869 535 930 laudantur
556 872 753 931 hexametros,
767 889 802 930 en
824 880 919 932 aetate
940 872 1029 948 longe
1050 872 1165 950 politio·

46 1003 104 1042 res
131 999 201 1042 esse
224 995 393 1058 persuasum
411 975 518 1036 babeo.
565 977 609 1037 Ab
631 977 689 1037 illis
712 986 806 1038 autem
827 977 977 1054 uersibus,
1002 979 1076 1036 inter
1092 993 1167 1056 quos

48 1089 237 1150 Ciceronem
260 1099 317 1142 non
347 1081 433 1141 multa
457 1083 591 1142 omisisse
613 1083 766 1159 existimo,
795 1101 853 1143 uon
880 1101 985 1161 magno
1010 1082 1166 1144 interuallo

48 1199 223 1275 dispestum
251 1191 343 1250 inisse
376 1189 411 1247 lr.
435 1186 462 1246 ll
493 1189 622 1248 uidetur:
653 1205 711 1265 quo
737 1207 800 1249 eam
825 1189 928 1250 ‘dicti’
957 1189 1088 1267 peritiam
1111 1188 1167 1248 sibi

47 1319 115 1361 non
143 1318 199 1379 per
224 1295 364 1355 somnium
384 1293 436 1353 sed
459 1292 561 1353 labore
585 1312 620 1353 ac
644 1293 740 1356 studio
763 1297 922 1374 contigisse
943 1293 1105 1374 profitetur.
1142 1294 1168 1353 A

47 1405 166 1486 quibus
193 1402 281 1482 paulo
305 1399 419 1476 longius
441 1400 542 1459 aberat
564 1401 679 1460 tertium
702 1401 906 1479 eprohoemio
922 1409 1073 1479 superstes
1089 1401 1167 1478 irag·

47 1520 206 1586 mentum,
227 1525 285 1589 quo
302 1505 410 1566 Ennius
429 1521 462 1564 se
485 1504 521 1564 ab
544 1501 725 1566 obtrectandi
749 1507 867 1568 libidine
885 1507 998 1567 uidetur
1014 1524 1168 1568 reuocare.

47 1619 118 1678 Sed
150 1617 206 1676 bos
234 1615 271 1675 dc
304 1631 355 1673 sua
383 1610 545 1688 Naeuiique
572 1613 657 1689 poesi
688 1631 792 1671 sensus
824 1611 963 1674 Columna
992 1631 1028 1673 ac
1055 1612 1168 1674 llernla

49 1731 181 1803 poetam
202 1723 230 1781 in
250 1722 316 1799 ipso
334 1719 431 1779 limine
448 1717 580 1777 carminis
598 1719 817 1797 deprompsisse
832 1718 1003 1778 uoluerunt:
1025 1737 1060 1778 ac
1076 1721 1169 1798 potuit

49 1850 123 1890 eam
147 1847 210 1888 rem
231 1827 340 1887 Ennius
364 1828 417 1885 iam
439 1826 468 1883 in
493 1823 575 1902 primi
598 1824 708 1884 annalis
730 1825 852 1884 exordio
876 1825 1028 1901 attingere.
1072 1824 1166 1902 Nunc,

49 1935 138 2014 qnod
163 1931 269 1994 Cicero
293 1931 470 2006 subindicat,
493 1948 528 1990 ea
552 1930 591 1989 ibi
613 1933 765 2009 exposuit,
788 1931 836 1991 ubi
859 1933 999 1992 rationem
1014 1933 1165 2009 reddebat,

50 2059 109 2100 cnr
138 2041 168 2099 in
196 2039 289 2118 primo
312 2036 393 2097 bello
415 2037 522 2096 Punico
544 2037 719 2116 aliquantum
741 2057 756 2098 a
779 2055 860 2098 more
882 2055 936 2098 sno
962 2039 1095 2098 narrandi
1117 2037 1168 2098 de·

50 2145 194 2205 flexisset
210 2144 365 2222 (sempsere
385 2149 434 2202 alii
455 2162 514 2202 rem
532 2161 559 2201 e.
572 2161 602 2221 q.
617 2163 640 2204 s.
666 2143 702 2207 ir.
720 2142 764 2222 l):
789 2161 844 2221 qua
866 2147 1083 2223 opportunitate
1103 2163 1166 2204 cum

49 2249 164 2310 Naeuii
184 2267 302 2309 carmen
321 2257 506 2325 memoraret,
528 2249 662 2308 iudicium
682 2249 719 2308 de
737 2266 773 2308 eo
795 2255 883 2326 poeta
905 2249 1020 2310 adiecit.
1050 2249 1114 2324 Qua
1134 2270 1167 2311 re

50 2372 111 2413 sno
137 2355 201 2412 inre
223 2355 317 2415 editor
331 2354 490 2434 Lipsiensis
512 2355 623 2414 relictis
645 2355 772 2415 auctoris
788 2355 832 2412 sui
848 2355 981 2433 uestigiis
1000 2359 1027 2416 in
1042 2359 1167 2436 septimo

50 2477 164 2521 uersus
187 2463 328 2539 reposuit.
366 2461 457 2520 Porro
484 2462 549 2522 dum
570 2480 619 2521 res
641 2463 720 2541 ipsas
736 2461 793 2521 hoc
814 2459 895 2521 bello
916 2473 1016 2540 gestas
1039 2465 1169 2524 breuiter

50 2567 248 2647 perstringit,
279 2571 454 2631 occasiones
477 2568 615 2649 quasdam
637 2568 821 2628 inlustriores
840 2567 943 2646 quibus
965 2568 1050 2629 latius
1073 2573 1166 2630 oratio

51 2681 219 2752 ungeretur
249 2675 384 2752 captanit.
428 2676 470 2737 lta
499 2675 634 2736 uersibus
662 2692 737 2753 qnos
763 2671 849 2732 Gellii
877 2672 912 2732 N.
938 2674 974 2733 Α.
1003 2673 1096 2734 Xlld
1127 2677 1167 2735 in·

50 2780 172 2843 dustria
205 2780 332 2838 seruauit
358 2780 427 2860 (X)
465 2781 596 2861 speciem
626 2779 680 2838 uiri
713 2781 815 2839 nescio
851 2781 931 2840 cuius
968 2782 1015 2860 qni
1049 2781 1167 2843 Seruilii

51 2887 186 2948 amicitia
213 2886 362 2946 fruebatur
391 2905 456 2947 cum
488 2886 582 2947 studio
613 2883 800 2945 adumbrauit.
856 2885 1028 2947 Theodorus
1056 2887 1167 2966 llugius

53 2992 179 3073 quidem
207 2991 390 3069 inprobabile
421 2994 514 3073 ducit,
547 2990 668 3052 Ennium
699 2992 727 3050 in
761 3000 818 3050 tam
846 2993 1053 3070 compendiosa
1084 2994 1168 3054 buius

53 3099 131 3160 belli
157 3098 320 3158 narratione
342 3098 455 3158 mediae
474 3118 589 3177 pugnae
609 3099 730 3160 alienius
745 3099 935 3178 descriptioni
957 3119 1021 3161 eam
1045 3103 1167 3180 copiose

54 3205 237 3284 explicatam
258 3222 368 3264 morum
391 3205 615 3266 delineationem
637 3204 828 3264 inmiscuisse.
866 3205 905 3266 At
926 3207 974 3267 bic
993 3215 1081 3286 poita
1104 3226 1167 3268 cum

55 3312 178 3389 longius
199 3309 318 3371 abesset
340 3311 376 3370 ab
402 3329 437 3371 ea
464 3313 534 3371 artis
557 3309 730 3385 subtilitate,
764 3329 839 3390 quae
864 3315 986 3373 maxime
1012 3314 1041 3374 in
1062 3331 1169 3393 aequa·

55 3418 174 3479 bilitntc
194 3416 316 3494 partium
340 3418 535 3496 conspicitur,
559 3425 617 3476 tum
639 3415 696 3475 boc
717 3417 851 3477 consulto
874 3420 1013 3497 instituit,
1037 3431 1066 3481 ut
1089 3429 1167 3480 cete·

55 3527 99 3584 ris
124 3541 200 3603 quae
223 3520 350 3583 Naeuius
371 3532 569 3602 occupauerat
592 3524 751 3582 summatim
774 3527 904 3585 tractatis
927 3528 955 3586 in
980 3525 1169 3584 deuerticulis

57 3631 234 3710 quibusdam
255 3630 359 3691 diutius
375 3639 552 3690 uersaretur.
591 3627 654 3702 Qua
675 3647 708 3688 re
730 3648 766 3688 ne
784 3630 855 3691 illud
872 3631 987 3710 quidem
1007 3639 1063 3690 tam
1084 3631 1168 3689 mira·

57 3738 119 3798 bile
156 3744 202 3794 est
233 3753 319 3812 qnam
349 3735 445 3813 Hugio
476 3734 646 3810 uidebatur,
682 3735 759 3812 quod
790 3735 969 3814 splendidius
998 3754 1014 3796 a
1042 3735 1168 3796 Seruilio

58 3852 178 3922 gestum
214 3840 284 3900 nihil
319 3841 354 3901 ad
387 3850 515 3900 nostram
548 3843 714 3901 memoriam
743 3845 886 3920 peruenit.
952 3841 1065 3902 Etenim
1094 3840 1168 3900 duos

57 3948 153 4008 inisse
176 3947 318 4006 Seruilios
337 3947 471 4025 geminos
495 3945 601 4007 Cicero
624 3947 709 4008 tradit
733 3949 862 4027 (quaest.
886 3948 968 4008 acad.
993 3945 1093 4022 1118,
1116 3947 1167 4008 56.

59 4053 118 4128 26,
138 4049 215 4130 84),
239 4050 369 4112 Publium
391 4053 529 4130 alterum,
550 4055 598 4133 qui
620 4071 684 4113 cum
706 4051 739 4112 C.
756 4054 877 4114 Aurelio
896 4052 982 4113 Cotta
1002 4053 1047 4113 bis
1066 4053 1169 4112 consul

58 4158 114 4218 init
144 4157 340 4218 amabili
371 4169 401 4219 et
423 4159 502 4235 505,
535 4159 657 4220 alterum
686 4159 829 4234 Quintum.
887 4159 1015 4232 Quorum
1045 4157 1082 4217 de
1111 4157 1170 4218 boc

58 4263 131 4325 nihil
160 4265 292 4343 comperi
315 4273 434 4346 praeter
460 4282 584 4326 nomen:
614 4263 665 4324 ille
695 4275 820 4344 utroque
846 4265 997 4326 consulatu
1019 4266 1048 4325 in
1069 4265 1168 4326 Sicilia
