2796 4948
230 1009 409 1084 VERSVS
426 1007 563 1082 PAVLl
581 1008 797 1082 MERVLAE
814 1009 1018 1082 PERFIDIA
1034 1007 1291 1082 PROPAGATI

288 1373 433 1441 Horrida
445 1373 638 1440 Romuleum
653 1275 832 1440 certaririna
847 1397 956 1462 pango
971 1374 1125 1441 duellum.

738 1491 774 1556 11

288 1660 449 1728 conditur
462 1657 551 1725 Alba
563 1667 679 1748 potens
774 1695 777 1702 .

731 1779 785 1844 ΠΙ

287 1879 432 1946 Nascere
446 1900 530 1980 quas
546 1878 684 1966 populos
697 1888 850 1968 terraque
861 1881 1008 1968 marique
1024 1879 1168 1943 lacesses

288 1965 375 2030 Belli
390 1963 521 2029 turbine
535 1985 754 2063 praepropero
769 1986 928 2031 concussa
940 1965 1129 2030 tremiscent

291 2049 418 2117 Cuncta
431 2070 523 2114 aeres
538 2071 559 2113 a
572 2057 605 2114 te
619 2049 708 2114 uires

645 2168 664 2206 a
853 2166 872 2204 a

750 2217 768 2256 t
877 2256 885 2265 .

289 2333 513 2352 .....
556 2287 592 2352 in
607 2287 712 2352 Roma
725 2283 826 2348 Troia
841 2283 964 2348 reuixti

287 2500 493 2588 Nequiquam
506 2499 653 2588 reliquae
668 2402 859 2568 oarnIiVnihil
875 2509 925 2566 est
944 2500 1064 2565 animai

287 2717 401 2784 Dirius
417 2717 612 2805 supplicium
626 2619 772 2784 sceleri?
773 2718 931 2783 uiolentia
943 2719 1058 2806 poscit.

945 1578 1043 1644 armis

236 2907 418 2960 Fauonium
435 2907 575 2959 Muaviar
609 2909 621 2958 I
638 2906 751 2958 Merulae
762 2908 859 2960 Gomm.
873 2923 900 2974 p.
912 2907 945 2958 41
966 2908 1071 2958 ‘eitatur
1084 2915 1170 2958 autem
1186 2925 1203 2960 a
1217 2909 1248 2963 L.
1260 2909 1314 2960 Gol-

203 2979 297 3045 pnrnio
311 2980 403 3029 Pisone
415 2979 460 3029 lib.
475 2979 486 3027 Ι
503 2979 535 3029 de
549 2979 704 3028 continent-ia
716 2987 833 3028 ueterum
846 2982 993 3045 poetarum
1013 2993 1062 3041 quo
1077 2977 1133 3028 loeo
1150 2979 1183 3029 de
1197 2980 1313 3030 artifieio

203 3049 241 3098 sis
261 3047 363 3099 illorum
378 3049 534 3099 exordiis..
543 3049 745 3114 ..promittit
766 3049 871 3099 omnia
890 3047 928 3098 ad
946 3063 1034 3099 suam
1053 3063 1155 3112 usque
1173 3057 1313 3100 aetatem

202 3117 334 3168 heroice
358 3119 494 3168 Ennius.
517 3117 662 3168 horrida'
688 3134 711 3172 e.
730 3133 756 3181 q.
777 3134 799 3168 s.
834 3118 1020 3168 Romuleum
1038 3117 1145 3168 Merula.
1168 3119 1312 3169 Romulei

204 3186 366 3253 Oalpumins.
394 3187 433 3238 Gi.
451 3189 483 3237 A.
498 3187 610 3237 Koohius
624 3188 716 3237 Exere.
729 3203 756 3253 p.
772 3188 784 3238 l
855 3188 879 3237 11
898 3187 964 3238 lbid.
979 3202 1013 3266 p.
1022 3186 1108 3238 165‘·
1102 3202 1129 3236 in
1140 3187 1247 3240 Latmo
1264 3188 1311 3255 (so.

204 3255 501 3321 Glossariol'ornerii)‘
508 3259 625 3308 sioerat:
642 3247 1096 3323 armipotensduloapoiamp.
1124 3257 1303 3310 Ennius...

206 3325 246 3378 Gl.
263 3329 294 3376 A.
310 3326 452 3378 Kochiusl.
466 3326 484 3376 l.
498 3343 525 3394 p.
540 3326 556 3378 3
626 3327 663 3376 ΙΙΙ
680 3327 746 3378 ibid.
763 3342 789 3393 p.
805 3326 857 3377 199
877 3327 964 3408 ‘apud'
978 3326 1157 3406 Calpurnium
1163 3327 1260 3379 librol
1283 3328 1312 3377 de

204 3398 646 3463 continentiaueterumpoetarum:
665 3396 879 3478 apostrophe,
895 3397 991 3460 inquit,
1010 3385 1220 3460 eaiuaaaq'est
1239 3411 1313 3460 quo-

202 3468 290 3517 tiens
309 3482 424 3518 auersa
437 3467 499 3516 iam
514 3467 553 3516 ad
571 3467 706 3529 quaeuis
722 3467 866 3516 oratione
882 3468 1060 3516 misoentur
1076 3473 1152 3515 uota
1166 3467 1220 3517 uel
1234 3467 1313 3517 bona

204 3537 256 3587 uel
278 3537 371 3587 mala.
398 3537 546 3586 Ennius'
539 3550 570 3585 ιι]
592 3537 824 3602 primollrbem
843 3536 1045 3587 condendam
1064 3537 1261 3601 compellat,
1286 3543 1313 3586 et

204 3607 422 3674 compellatae
438 3606 559 3666 omnia,
579 3621 660 3669 quae
676 3605 934 3672 magnitudinem
953 3606 1025 3656 eine
1042 3612 1221 3667 testatura,
1241 3621 1313 3672 pre-

204 3685 295 3726 oatur
315 3676 365 3726 his
385 3676 508 3725 uerbis
532 3690 710 3726 nascere..
720 3675 852 3736 .uires;
875 3683 905 3726 et
925 3691 1006 3738 quae
1024 3682 1150 3740 postea
1179 3676 1313 3726 oonolu-

204 3746 314 3796 dens
307 3760 340 3794 rn
360 3746 647 3796 conuentaltomae
665 3746 847 3811 genetrice
871 3759 904 3794 in
922 3746 1029 3796 Roma
1050 3759 1151 3826 eq..s
1223 3745 1313 3811 proi·
1380 3763 1381 3766 ¹

204 3829 343 3900 propero
358 3815 464 3865 Merula.
484 3816 622 3881 proprio
645 3815 798 3882 Calpurnius
866 3815 977 3864 aereis
997 3829 1013 3864 a
1030 3821 1062 3864 te
1079 3814 1186 3865 uireis
1205 3814 1311 3866 Merula.

203 3887 364 3936 aerissate
389 3886 480 3934 uiros
501 3884 654 3950 Calpurnius
722 3885 844 3934 reu1xt1
861 3883 968 3934 Merula
990 3884 1105 3934 renisti
1126 3883 1281 3949 Calpurnius

238 3957 274 4006 lV
291 3955 357 4005 lbrd.
372 3969 398 4020 p
415 3953 466 4005 288
486 3954 654 4020 ‘calpurnius
666 3953 747 4004 Piso
741 3969 768 4002 1n
786 3953 859 4003 libris
872 3953 905 4004 de
924 3954 1078 4004 continentia
1094 3961 1209 4003 ueterum
1226 3957 1313 4021 poeta-

205 4040 277 4076 rum:
308 4025 401 4076 morti
425 4025 621 4090 proximum,
649 4025 724 4087 quin
749 4031 924 4084 mortuum,
952 4023 1040 4072 niuis
1065 4023 1237 4074 coloribus
1260 4025 1312 4074 de-

203 4095 312 4162 pingit
329 4094 450 4144 Ennius
469 4093 555 4144 libro
575 4093 717 4144 seeundo
736 4094 913 4153 annalium,
935 4093 990 4143 ubi
1010 4094 1058 4142 sio
1077 4093 1206 4142 scribit:
1235 4093 1310 4159 [Anu.

203 4162 264 4214 462.
283 4162 346 4229 463]
372 4163 582 4227 Nequiquam'
604 4179 626 4213 e.
649 4178 673 4225 q.
694 4179 715 4212 s.
749 4161 788 4212 Ol.
809 4163 839 4211 A.
858 4161 970 4212 lloohius
991 4163 1007 4210 Ι.
1029 4161 1046 4211 l.
1066 4164 1129 4228 pa
1198 4163 1223 4211 V
1248 4163 1310 4212 ibid.

203 4247 230 4297 p.
251 4231 303 4283 824
323 4233 440 4298 ‘glossae
458 4233 575 4282 Forneri:
600 4231 825 4298 παλαμναῖον
846 4231 964 4294 dirum,
985 4231 1216 4294 quoddeorum
1233 4232 1311 4283 iram

203 4299 300 4351 habet
320 4303 534 4351 coniunctam.
555 4302 685 4380 ‘Ennius
704 4303 735 4350 in
756 4301 854 4352 tertio
870 4303 917 4352 ...¹
946 4302 1055 4367 poseit
1076 4301 1183 4352 Merula.
1206 4302 1312 4367 possit
1380 4351 1381 4354 ,
