2752 4944
500 355 740 426 sauromata

534 523 676 595 XXVIII
690 522 707 560 *

161 645 306 716 Seruius
326 645 360 714 in
370 645 458 740 Aen.
480 645 569 716 1741
597 651 692 716 ‘sane
707 645 803 716 Atlas
819 643 981 717 Graecum
999 650 1067 732 est,
1092 647 1177 716 sIcut

50 753 83 818 et
104 749 218 818 Nilus,
257 751 339 818 Nam
361 748 488 818 Ennius
516 748 593 819 dicit
618 749 726 818 Nilum
749 749 911 820 Melonem
941 749 1069 818 uocari:
1098 750 1176 818 At-

52 853 219 922 lantem
238 874 319 922 uero
338 851 619 922 Telamonem!
654 851 776 922 Ibidem
794 852 842 922 IV
862 861 924 924 246
948 858 1046 924 ‘sane
1061 853 1176 924 Latine

53 956 186 1026 Atlas
208 957 404 1026 Telamon
425 955 559 1042 dicitur,
588 955 673 1024 sicut
690 955 784 1026 Nilus
804 957 910 1026 Melo.'

546 1091 658 1162 XXIX
672 1093 687 1127 *

160 1213 335 1281 Assaraco
356 1213 453 1280 natus
471 1210 571 1304 Gapis
593 1212 737 1303 optimus
760 1213 854 1308 isque
873 1212 963 1306 pium
984 1234 1027 1282 ex
1049 1235 1086 1282 se

160 1315 335 1385 Anchisen
353 1318 491 1407 generat

572 1452 669 1524 XXX

162 1560 291 1664 Accipe
309 1572 418 1666 daque
435 1573 535 1644 fidem
553 1574 738 1666 foedusque
756 1571 816 1644 leri
835 1572 918 1642 bene
937 1571 1076 1642 firmum.

548 1711 658 1782 XXXI
673 1709 689 1746 *

125 1804 228 1897 Χ01Ιί
251 1831 425 1921 respondit
442 1855 503 1902 rex
520 1831 617 1902 Albai
638 1832 752 1923 longai

538 1969 664 2040 XXXII
678 1966 693 2003 *

96 2092 136 2154 35
166 2055 263 2169 Quos
286 2087 436 2159 homines
459 2093 626 2184 quondam
644 2089 818 2160 Laurentis
835 2090 923 2155 terra
939 2085 1070 2175 recepit.

507 2309 512 2319 .
536 2225 704 2299 xxxin*

161 2343 304 2413 Seruius
325 2344 604 2418 inAen.V1778
629 2353 728 2440 ‘crgo
749 2369 813 2417 auo
835 2367 872 2412 se
892 2343 989 2412 addet
1005 2341 1172 2411 comItem:

62 2449 116 2512 aut
139 2448 233 2516 atrito
258 2469 295 2516 se
315 2448 431 2541 iunget
453 2450 607 2541 imperio,
642 2456 698 2520 aut
720 2454 807 2520 certe
829 2446 1009 2516 secuudum
1033 2445 1171 2514 Ennium

61 2549 222 2620 referetur
242 2551 326 2619 iuter
345 2551 427 2622 deos
445 2576 517 2622 cum
538 2555 663 2623 Aenea.
700 2555 785 2624 Dicit
806 2572 945 2642 namque
960 2548 1049 2616 Iliam
1069 2549 1173 2618 fuisse

63 2649 157 2720 filiam
185 2653 340 2742 Aeneac3
385 2657 473 2748 quod
504 2657 531 2725 si
565 2661 632 2742 est,
667 2659 801 2727 Aeneas
830 2674 914 2722 auus
945 2655 996 2718 est
1021 2651 1173 2719 Romuli'

62 2752 181 2825 Ibidem
205 2757 298 2826 1273
329 2759 491 2829 ‘Naeuius
515 2765 547 2829 et
561 2761 687 2830 Ennius
710 2761 845 2829 Aeneae
872 2779 914 2824 ex
931 2751 1000 2822 'filia
1020 2758 1173 2844 nepotem

64 2855 240 2929 Romulum
262 2862 465 2933 conditorem
489 2864 579 2933 urbis
603 2864 753 2934 tradunt?
797 2861 845 2931 CI.
869 2857 1066 2928 Niebuhrius
1088 2859 1171 2928 Hist.

65 2959 155 3032 Rom.
177 2964 190 3033 I
211 2972 272 3034 233
296 2965 346 3034 ed.
367 2975 396 3035 3.
420 2967 455 3035 F.
476 2967 622 3036 Ritterus
645 2963 865 3057 Musfphilol.
889 2963 916 3032 ll
936 2969 1007 3032 482.

65 3173 142 3212 nonne
161 3165 251 3214 diuina
264 3167 440 3231 prouideutIa’
466 3186 489 3218 e.
510 3185 534 3232 q.
556 3185 577 3218 s.
649 3169 736 3220 XXIX
759 3168 924 3232 Philargyrus
940 3165 965 3212 In
980 3163 1072 3229 Georg.
1089 3164 1124 3212 III
1140 3163 1174 3214 35

68 3231 121 3292 ‘per
139 3235 293 3284 Assaracum
313 3237 438 3287 Troianos
458 3239 529 3288 dicit.
561 3239 626 3288 Nam
647 3241 787 3290 Assaracus
806 3245 869 3286 auus
893 3234 1029 3284 Anchisae.
1062 3233 1172 3282 Ennius:

68 3299 202 3354 Aasaraco'
224 3321 246 3354 e.
261 3321 285 3367 q.
300 3322 321 3354 s.
393 3308 468 3358 XXX
487 3309 629 3358 Macrobius
645 3310 698 3359 Sat.
717 3311 752 3359 VI
767 3309 779 3356 1
797 3323 824 3373 p.
838 3305 955 3356 tettan.
972 3304 1074 3368 ‘accipe
1090 3303 1174 3367 daque

67 3366 148 3421 fidem:
170 3381 229 3423 sunt
242 3374 315 3424 nobis
330 3375 406 3426 fortia
418 3378 486 3426 bello
500 3380 614 3428 Pectora.
643 3379 718 3444 [Aen.
729 3379 789 3428 VIII
806 3375 977 3440 lemannus
992 3374 1018 3421 in
1034 3374 1146 3440 primo..
1158 3373 1173 3420 .’

69 3437 103 3486 CI.
119 3442 261 3510 Porphyrio
278 3445 304 3493 in
320 3447 379 3495 Hor.
398 3447 482 3496 Carm.
499 3450 534 3496 III
549 3451 591 3506 24,
608 3449 641 3498 50
659 3450 751 3500 ‘bene
767 3463 814 3518 pro
826 3446 903 3499 ualde
917 3445 1042 3509 positum,
1063 3450 1090 3490 ut
1104 3443 1173 3509 apud

69 3507 170 3562 Ennium
191 3513 354 3577 frequenter!
426 3517 514 3567 XXXI
537 3519 629 3567 Atilius
648 3517 843 3568 Fortunatianus
866 3531 891 3580 p.
908 3513 974 3564 2691
995 3511 1022 3560 P.
1047 3511 1113 3576 (340
1125 3510 1173 3574 tl.)

69 3575 237 3646 (hexameter)
262 3586 397 3634 ‘minImus
416 3585 493 3635 habet
511 3587 572 3636 XII'
601 3587 651 3653 (sc.
672 3585 799 3652 syllabas)
824 3591 864 3634 ‘ut
882 3591 919 3634 est
939 3582 1083 3631 Ennianus:
1114 3581 1172 3630 olli'

70 3661 89 3692 e·
105 3665 161 3711 qs.
192 3653 306 3702 Donatus
322 3655 354 3704 de
368 3655 535 3705 barbarismis
551 3673 577 3722 p.
593 3658 659 3708 1772
675 3659 702 3706 Ρ.
723 3657 771 3723 (30
784 3651 875 3713 Lind.)
892 3648 1044 3712 ‘oculosos
1062 3687 1068 3698 ·
1086 3687 1092 3698 ·
1109 3687 1114 3698 ·
1132 3658 1172 3700 Ul:

70 3715 120 3765 olli'
140 3739 161 3771 e.
180 3739 203 3784 q.
222 3739 243 3771 s.
282 3724 419 3790 Pompeius
434 3725 526 3775 Donati
547 3735 680 3776 comment.
698 3743 723 3793 p.
738 3727 788 3776 448
803 3724 878 3774 Liud.
905 3726 977 3770 ‘narn
993 3719 1115 3769 diaeresis
1137 3728 1174 3769 est

72 3785 158 3839 Albai
174 3792 284 3857 longai
302 3809 348 3858 pro
364 3809 393 3843 eo
409 3796 477 3856 quod
495 3803 532 3844 est
549 3797 630 3846 Albae
644 3797 753 3861 longae!
787 3795 857 3844 Idem
874 3790 1018 3856 exemplum
1032 3791 1134 3854 irrepsit
1148 3791 1173 3838 in

72 3855 123 3905 edd.
144 3862 203 3924 aliq.
225 3869 325 3912 ueteres
341 3864 432 3913 Isidori
447 3864 519 3930 Orig.
535 3867 546 3914 I
560 3865 594 3916 34
628 3865 733 3916 Seruius
749 3867 774 3915 iu
789 3867 852 3914 Aen.
869 3862 905 3911 XI
919 3861 969 3912 236
986 3860 1061 3909 ‘olli
1081 3859 1119 3908 illi
1134 3875 1174 3908 se-

72 3927 172 3979 cunaum
185 3932 312 3981 annium:
383 3933 483 3983 xxxn
501 3935 646 3984 errsctanus
659 3938 706 3985 vn
722 3951 748 4000 p.
760 3936 810 3985 roa
824 3935 851 3982 n.
869 3933 894 3996 (Ι
909 3948 935 3997 p.
947 3927 997 3980 332
1012 3926 1057 3986 Κ.)
1077 3929 1174 3977 ‘Lau-

72 4001 178 4049 rentis’
206 4001 415 4068 (laurentius
435 4002 530 4069 Sang.)
554 4006 646 4054 ‘etiam
667 4021 714 4072 pro
732 4005 845 4054 Laurens
867 4002 993 4051 dicebant.
1032 4000 1128 4048 Ennius
1149 4001 1174 4048 iu

73 4139 265 4156 K—

109 4251 141 4307 33
159 4253 290 4324 serusque
306 4251 396 4326 Neap.
505 4257 540 4312 35
561 4248 728 4334 Laurentius
746 4255 835 4310 Bern.
923 4217 1023 4323 reclpit
1035 4247 1125 4306 Bern.
