<?xml version="1.0" encoding="UTF-8"?>
<!DOCTYPE html PUBLIC "-//W3C//DTD XHTML 1.0 Transitional//EN"
    "http://www.w3.org/TR/xhtml1/DTD/xhtml1-transitional.dtd">
<html xmlns="http://www.w3.org/1999/xhtml" xml:lang="en" lang="en">
 <head>
  <title>
</title>
<meta http-equiv="Content-Type" content="text/html;charset=utf-8" />
  <meta name='ocr-system' content='tesseract 3.04.00' />
  <meta name='ocr-capabilities' content='ocr_page ocr_carea ocr_par ocr_line ocrx_word'/>
</head>
<body>
  <div class='ocr_page' id='page_1' title='image "./ennianaepoesisr02ennigoog_0113.png"; bbox 0 0 2752 4944; ppageno 0'>
   <div class='ocr_carea' id='block_1_1' title="bbox 651 371 887 430">
    <p class='ocr_par' dir='ltr' id='par_1_1' title="bbox 651 371 887 430">
     <span class='ocr_line' id='line_1_1' title="bbox 651 371 887 430; baseline -0.004 -1"><span class='ocrx_word' id='word_1_1' title='bbox 651 371 887 430; x_wconf 77' lang='lat' dir='ltr'>nnunttvtt</span> 
     </span>
    </p>
   </div>
   <div class='ocr_carea' id='block_1_2' title="bbox 317 534 1117 732">
    <p class='ocr_par' dir='ltr' id='par_1_2' title="bbox 317 534 1117 732">
     <span class='ocr_line' id='line_1_2' title="bbox 701 534 836 610; baseline -0.007 -1"><span class='ocrx_word' id='word_1_2' title='bbox 701 535 804 610; x_wconf 86' lang='lat' dir='ltr'>XLIII</span> <span class='ocrx_word' id='word_1_3' title='bbox 819 534 836 572; x_wconf 86' lang='grc'>*</span> 
     </span>
     <span class='ocr_line' id='line_1_3' title="bbox 317 658 1117 732; baseline -0.008 0"><span class='ocrx_word' id='word_1_4' title='bbox 317 711 576 732; x_wconf 91' lang='grc'><strong>.....</strong></span> <span class='ocrx_word' id='word_1_5' title='bbox 629 659 808 730; x_wconf 85' lang='lat' dir='ltr'>caenacula</span> <span class='ocrx_word' id='word_1_6' title='bbox 825 659 970 730; x_wconf 83' lang='lat' dir='ltr'>maxima</span> <span class='ocrx_word' id='word_1_7' title='bbox 987 658 1070 730; x_wconf 86' lang='lat' dir='ltr'>caeli</span> <span class='ocrx_word' id='word_1_8' title='bbox 1114 679 1117 686; x_wconf 88' lang='lat'>·</span> 
     </span>
    </p>
   </div>
   <div class='ocr_carea' id='block_1_3' title="bbox 659 793 880 1006">
    <p class='ocr_par' dir='ltr' id='par_1_3' title="bbox 659 793 880 1006">
     <span class='ocr_line' id='line_1_4' title="bbox 698 793 836 866; baseline -0.007 -2"><span class='ocrx_word' id='word_1_9' title='bbox 698 794 807 866; x_wconf 87' lang='lat' dir='ltr'>XLIV</span> <span class='ocrx_word' id='word_1_10' title='bbox 821 793 836 832; x_wconf 87' lang='lat'>*</span> 
     </span>
     <span class='ocr_line' id='line_1_5' title="bbox 659 915 880 1006; baseline 0.005 -22"><span class='ocrx_word' id='word_1_11' title='bbox 659 915 880 1006; x_wconf 86' lang='lat' dir='ltr'>bipatentibus</span> 
     </span>
    </p>
   </div>
   <div class='ocr_carea' id='block_1_4' title="bbox 315 1051 1178 1368">
    <p class='ocr_par' dir='ltr' id='par_1_4' title="bbox 315 1051 1178 1368">
     <span class='ocr_line' id='line_1_6' title="bbox 705 1051 831 1126; baseline -0.032 0"><span class='ocrx_word' id='word_1_12' title='bbox 705 1051 801 1126; x_wconf 85' lang='lat' dir='ltr'>XLV</span> <span class='ocrx_word' id='word_1_13' title='bbox 815 1051 831 1088; x_wconf 83' lang='lat'>*</span> 
     </span>
     <span class='ocr_line' id='line_1_7' title="bbox 315 1170 1178 1244; baseline 0.001 -2"><span class='ocrx_word' id='word_1_14' title='bbox 315 1171 395 1242; x_wconf 92' lang='lat' dir='ltr'>luno</span> <span class='ocrx_word' id='word_1_15' title='bbox 415 1170 522 1242; x_wconf 89' lang='lat' dir='ltr'>Vesta</span> <span class='ocrx_word' id='word_1_16' title='bbox 538 1172 686 1242; x_wconf 87' lang='lat' dir='ltr'>Minerua</span> <span class='ocrx_word' id='word_1_17' title='bbox 705 1171 806 1244; x_wconf 83' lang='lat' dir='ltr'>Ceres</span> <span class='ocrx_word' id='word_1_18' title='bbox 824 1173 930 1243; x_wconf 88' lang='lat' dir='ltr'>Diana</span> <span class='ocrx_word' id='word_1_19' title='bbox 952 1171 1070 1242; x_wconf 91' lang='lat' dir='ltr'>Venus</span> <span class='ocrx_word' id='word_1_20' title='bbox 1091 1173 1178 1243; x_wconf 86' lang='lat' dir='ltr'>Mars</span> 
     </span>
     <span class='ocr_line' id='line_1_8' title="bbox 316 1275 1148 1368; baseline -0.001 -23"><span class='ocrx_word' id='word_1_21' title='bbox 316 1275 498 1345; x_wconf 89' lang='lat' dir='ltr'>Mercurius</span> <span class='ocrx_word' id='word_1_22' title='bbox 516 1275 605 1346; x_wconf 90' lang='lat' dir='ltr'>louis</span> <span class='ocrx_word' id='word_1_23' title='bbox 623 1277 796 1368; x_wconf 78' lang='lat' dir='ltr'><strong>Neptunus</strong></span> <span class='ocrx_word' id='word_1_24' title='bbox 816 1275 990 1347; x_wconf 82' lang='lat' dir='ltr'>Vulcanus</span> <span class='ocrx_word' id='word_1_25' title='bbox 1014 1276 1148 1367; x_wconf 84' lang='lat' dir='ltr'>Apollo.</span> 
     </span>
    </p>
   </div>
   <div class='ocr_carea' id='block_1_5' title="bbox 248 1411 1078 1621">
    <p class='ocr_par' dir='ltr' id='par_1_5' title="bbox 248 1411 1078 1621">
     <span class='ocr_line' id='line_1_9' title="bbox 699 1411 839 1484; baseline -0.007 0"><span class='ocrx_word' id='word_1_26' title='bbox 699 1413 808 1484; x_wconf 92' lang='lat' dir='ltr'>XLVI</span> <span class='ocrx_word' id='word_1_27' title='bbox 823 1411 839 1448; x_wconf 83' lang='lat'>*</span> 
     </span>
     <span class='ocr_line' id='line_1_10' title="bbox 248 1529 1078 1621; baseline -0.001 -19"><span class='ocrx_word' id='word_1_28' title='bbox 248 1540 288 1602; x_wconf 85' lang='grc'>66</span> <span class='ocrx_word' id='word_1_29' title='bbox 316 1529 499 1621; x_wconf 71' lang='lat' dir='ltr'><strong>Respondit</strong></span> <span class='ocrx_word' id='word_1_30' title='bbox 514 1531 600 1602; x_wconf 86' lang='lat' dir='ltr'>luno</span> <span class='ocrx_word' id='word_1_31' title='bbox 619 1533 776 1604; x_wconf 87' lang='lat' dir='ltr'>Saturnia</span> <span class='ocrx_word' id='word_1_32' title='bbox 797 1537 912 1604; x_wconf 86' lang='lat' dir='ltr'>sancta</span> <span class='ocrx_word' id='word_1_33' title='bbox 933 1533 1078 1603; x_wconf 89' lang='lat' dir='ltr'>dearum.</span> 
     </span>
    </p>
   </div>
   <div class='ocr_carea' id='block_1_6' title="bbox 680 1667 858 1738">
    <p class='ocr_par' dir='ltr' id='par_1_6' title="bbox 680 1667 858 1738">
     <span class='ocr_line' id='line_1_11' title="bbox 680 1667 858 1738; baseline 0 0"><span class='ocrx_word' id='word_1_34' title='bbox 680 1668 803 1738; x_wconf 90' lang='lat' dir='ltr'>XLVII</span> <span class='ocrx_word' id='word_1_35' title='bbox 817 1667 858 1706; x_wconf 85' lang='lat'>**</span> 
     </span>
    </p>
   </div>
   <div class='ocr_carea' id='block_1_7' title="bbox 315 1786 1093 1982">
    <p class='ocr_par' dir='ltr' id='par_1_7' title="bbox 315 1786 1093 1982">
     <span class='ocr_line' id='line_1_12' title="bbox 315 1786 1093 1883; baseline 0.005 -29"><span class='ocrx_word' id='word_1_36' title='bbox 315 1786 414 1857; x_wconf 90' lang='lat' dir='ltr'>Vnus</span> <span class='ocrx_word' id='word_1_37' title='bbox 434 1787 496 1858; x_wconf 91' lang='lat' dir='ltr'>erit</span> <span class='ocrx_word' id='word_1_38' title='bbox 516 1812 613 1883; x_wconf 90' lang='lat' dir='ltr'>quem</span> <span class='ocrx_word' id='word_1_39' title='bbox 632 1795 668 1860; x_wconf 89' lang='lat' dir='ltr'>tu</span> <span class='ocrx_word' id='word_1_40' title='bbox 689 1789 788 1860; x_wconf 89' lang='lat' dir='ltr'>tolles</span> <span class='ocrx_word' id='word_1_41' title='bbox 810 1789 842 1858; x_wconf 91' lang='lat' dir='ltr'>in</span> <span class='ocrx_word' id='word_1_42' title='bbox 860 1789 994 1860; x_wconf 87' lang='lat' dir='ltr'>caerula</span> <span class='ocrx_word' id='word_1_43' title='bbox 1012 1789 1093 1860; x_wconf 87' lang='lat' dir='ltr'>caeli</span> 
     </span>
     <span class='ocr_line' id='line_1_13' title="bbox 316 1892 453 1982; baseline 0 -22"><span class='ocrx_word' id='word_1_44' title='bbox 316 1892 453 1982; x_wconf 88' lang='lat' dir='ltr'>Templa</span> 
     </span>
    </p>
   </div>
   <div class='ocr_carea' id='block_1_8' title="bbox 208 2074 1357 3885">
    <p class='ocr_par' dir='ltr' id='par_1_8' title="bbox 208 2074 1357 3885">
     <span class='ocr_line' id='line_1_14' title="bbox 247 2074 1304 2144; baseline -0.006 -19"><span class='ocrx_word' id='word_1_45' title='bbox 247 2075 329 2125; x_wconf 88' lang='lat' dir='ltr'>XLIII</span> <span class='ocrx_word' id='word_1_46' title='bbox 348 2074 519 2124; x_wconf 79' lang='lat' dir='ltr'>Tertullianus</span> <span class='ocrx_word' id='word_1_47' title='bbox 536 2075 595 2124; x_wconf 87' lang='lat' dir='ltr'>adu.</span> <span class='ocrx_word' id='word_1_48' title='bbox 617 2076 718 2126; x_wconf 86' lang='lat' dir='ltr'>Valent.</span> <span class='ocrx_word' id='word_1_49' title='bbox 737 2094 759 2126; x_wconf 92' lang='lat' dir='ltr'>c.</span> <span class='ocrx_word' id='word_1_50' title='bbox 775 2079 790 2128; x_wconf 82' lang='lat'><strong>7</strong></span> <span class='ocrx_word' id='word_1_51' title='bbox 806 2094 833 2144; x_wconf 88' lang='lat' dir='ltr'>p.</span> <span class='ocrx_word' id='word_1_52' title='bbox 848 2077 898 2130; x_wconf 75' lang='lat' dir='ltr'>atu</span> <span class='ocrx_word' id='word_1_53' title='bbox 917 2076 938 2126; x_wconf 91' lang='lat' dir='ltr'>D</span> <span class='ocrx_word' id='word_1_54' title='bbox 959 2075 1053 2141; x_wconf 74' lang='lat' dir='ltr'>urgan.</span> <span class='ocrx_word' id='word_1_55' title='bbox 1080 2075 1194 2139; x_wconf 88' lang='lat' dir='ltr'>‘primus</span> <span class='ocrx_word' id='word_1_56' title='bbox 1212 2074 1304 2123; x_wconf 89' lang='lat' dir='ltr'>omniun</span> 
     </span>
     <span class='ocr_line' id='line_1_15' title="bbox 212 2144 1304 2210; baseline -0.005 -16"><span class='ocrx_word' id='word_1_57' title='bbox 212 2145 308 2194; x_wconf 87' lang='lat' dir='ltr'>Ennius</span> <span class='ocrx_word' id='word_1_58' title='bbox 322 2147 398 2210; x_wconf 72' lang='lat' dir='ltr'>poeta</span> <span class='ocrx_word' id='word_1_59' title='bbox 412 2144 541 2194; x_wconf 88' lang='lat' dir='ltr'>Romanus</span> <span class='ocrx_word' id='word_1_60' title='bbox 561 2148 740 2196; x_wconf 84' lang='lat' dir='ltr'>caenacula</span> <span class='ocrx_word' id='word_1_61' title='bbox 752 2149 892 2197; x_wconf 83' lang='lat' dir='ltr'>maxima</span> <span class='ocrx_word' id='word_1_62' title='bbox 905 2161 959 2195; x_wconf 86' lang='lat' dir='ltr'>cae</span> <span class='ocrx_word' id='word_1_63' title='bbox 968 2144 991 2194; x_wconf 90' lang='grc'>11</span> <span class='ocrx_word' id='word_1_64' title='bbox 1012 2144 1166 2209; x_wconf 90' lang='lat' dir='ltr'>simpliciter</span> <span class='ocrx_word' id='word_1_65' title='bbox 1177 2144 1304 2209; x_wconf 88' lang='lat' dir='ltr'>pronuntia-</span> 
     </span>
     <span class='ocr_line' id='line_1_16' title="bbox 212 2213 1303 2282; baseline -0.002 -20"><span class='ocrx_word' id='word_1_66' title='bbox 212 2217 249 2264; x_wconf 92' lang='lat' dir='ltr'>uit</span> <span class='ocrx_word' id='word_1_67' title='bbox 264 2216 296 2265; x_wconf 90' lang='lat' dir='ltr'>de</span> <span class='ocrx_word' id='word_1_68' title='bbox 311 2215 370 2263; x_wconf 87' lang='lat' dir='ltr'>elati</span> <span class='ocrx_word' id='word_1_69' title='bbox 384 2216 449 2263; x_wconf 78' lang='lat' dir='ltr'>situs</span> <span class='ocrx_word' id='word_1_70' title='bbox 462 2215 564 2264; x_wconf 88' lang='lat' dir='ltr'>nomine</span> <span class='ocrx_word' id='word_1_71' title='bbox 582 2215 623 2263; x_wconf 89' lang='lat' dir='ltr'>uel</span> <span class='ocrx_word' id='word_1_72' title='bbox 639 2217 699 2278; x_wconf 88' lang='lat' dir='ltr'>quin</span> <span class='ocrx_word' id='word_1_73' title='bbox 713 2217 799 2266; x_wconf 89' lang='lat' dir='ltr'>Iouem</span> <span class='ocrx_word' id='word_1_74' title='bbox 814 2217 867 2267; x_wconf 90' lang='lat' dir='ltr'>illic</span> <span class='ocrx_word' id='word_1_75' title='bbox 882 2216 1027 2282; x_wconf 89' lang='lat' dir='ltr'>epulantem</span> <span class='ocrx_word' id='word_1_76' title='bbox 1041 2213 1137 2278; x_wconf 78' lang='lat' dir='ltr'>legerat</span> <span class='ocrx_word' id='word_1_77' title='bbox 1152 2214 1220 2277; x_wconf 88' lang='lat' dir='ltr'>apud</span> <span class='ocrx_word' id='word_1_78' title='bbox 1231 2213 1303 2261; x_wconf 86' lang='lat' dir='ltr'>Home-</span> 
     </span>
     <span class='ocr_line' id='line_1_17' title="bbox 214 2283 1302 2352; baseline -0.005 -18"><span class='ocrx_word' id='word_1_79' title='bbox 214 2285 287 2334; x_wconf 66' lang='lat' dir='ltr'>rura!</span> <span class='ocrx_word' id='word_1_80' title='bbox 313 2283 399 2332; x_wconf 90' lang='lat' dir='ltr'>Schol.</span> <span class='ocrx_word' id='word_1_81' title='bbox 407 2285 501 2332; x_wconf 84' lang='lat' dir='ltr'>Veron.</span> <span class='ocrx_word' id='word_1_82' title='bbox 509 2285 534 2332; x_wconf 91' lang='lat' dir='ltr'>in</span> <span class='ocrx_word' id='word_1_83' title='bbox 542 2285 619 2350; x_wconf 84' lang='lat' dir='ltr'>Verg.</span> <span class='ocrx_word' id='word_1_84' title='bbox 628 2287 691 2334; x_wconf 80' lang='lat' dir='ltr'>Aen.</span> <span class='ocrx_word' id='word_1_85' title='bbox 700 2285 743 2334; x_wconf 93' lang='lat' dir='ltr'>Xl</span> <span class='ocrx_word' id='word_1_86' title='bbox 753 2303 779 2352; x_wconf 92' lang='lat' dir='ltr'>p.</span> <span class='ocrx_word' id='word_1_87' title='bbox 790 2287 839 2336; x_wconf 76' lang='lat'>102</span> <span class='ocrx_word' id='word_1_88' title='bbox 845 2285 1032 2336; x_wconf 54' lang='lat' dir='ltr'>ueitfunnius</span> <span class='ocrx_word' id='word_1_89' title='bbox 1043 2297 1093 2331; x_wconf 92' lang='lat' dir='ltr'>non</span> <span class='ocrx_word' id='word_1_90' title='bbox 1104 2290 1201 2332; x_wconf 88' lang='lat' dir='ltr'>tantum</span> <span class='ocrx_word' id='word_1_91' title='bbox 1210 2284 1302 2337; x_wconf 82' lang='lat' dir='ltr'>domun,</span> 
     </span>
     <span class='ocr_line' id='line_1_18' title="bbox 213 2351 1303 2418; baseline -0.006 -14"><span class='ocrx_word' id='word_1_92' title='bbox 213 2355 260 2404; x_wconf 89' lang='lat' dir='ltr'>sed</span> <span class='ocrx_word' id='word_1_93' title='bbox 274 2354 350 2403; x_wconf 90' lang='lat' dir='ltr'>etiam</span> <span class='ocrx_word' id='word_1_94' title='bbox 372 2354 561 2402; x_wconf 85' lang='lat' dir='ltr'>cenaculum</span> <span class='ocrx_word' id='word_1_95' title='bbox 581 2355 697 2418; x_wconf 52' lang='lat' dir='ltr'>caetis</span> <span class='ocrx_word' id='word_1_96' title='bbox 717 2356 758 2406; x_wconf 81' lang='lat' dir='ltr'>Ad</span> <span class='ocrx_word' id='word_1_97' title='bbox 771 2357 820 2406; x_wconf 90' lang='lat' dir='ltr'>hoc</span> <span class='ocrx_word' id='word_1_98' title='bbox 834 2357 939 2414; x_wconf 85' lang='lat' dir='ltr'>deorum</span> <span class='ocrx_word' id='word_1_99' title='bbox 953 2353 1087 2404; x_wconf 88' lang='lat' dir='ltr'>consilium</span> <span class='ocrx_word' id='word_1_100' title='bbox 1100 2360 1124 2401; x_wconf 88' lang='lat' dir='ltr'>et</span> <span class='ocrx_word' id='word_1_101' title='bbox 1136 2351 1186 2401; x_wconf 89' lang='lat' dir='ltr'>hoc</span> <span class='ocrx_word' id='word_1_102' title='bbox 1200 2360 1223 2402; x_wconf 90' lang='lat' dir='ltr'>et</span> <span class='ocrx_word' id='word_1_103' title='bbox 1234 2351 1303 2416; x_wconf 83' lang='lat' dir='ltr'>prori-</span> 
     </span>
     <span class='ocr_line' id='line_1_19' title="bbox 213 2421 1302 2488; baseline -0.005 -16"><span class='ocrx_word' id='word_1_104' title='bbox 213 2437 283 2472; x_wconf 90' lang='lat' dir='ltr'>mum</span> <span class='ocrx_word' id='word_1_105' title='bbox 303 2423 473 2488; x_wconf 78' lang='lat' dir='ltr'>fragmentum</span> <span class='ocrx_word' id='word_1_106' title='bbox 504 2423 545 2472; x_wconf 90' lang='lat' dir='ltr'>ed.</span> <span class='ocrx_word' id='word_1_107' title='bbox 566 2423 637 2488; x_wconf 89' lang='lat' dir='ltr'>Lips.</span> <span class='ocrx_word' id='word_1_108' title='bbox 659 2425 756 2474; x_wconf 89' lang='lat' dir='ltr'>rettulit</span> <span class='ocrx_word' id='word_1_109' title='bbox 826 2425 908 2476; x_wconf 91' lang='lat' dir='ltr'>XLIV</span> <span class='ocrx_word' id='word_1_110' title='bbox 930 2423 1035 2474; x_wconf 88' lang='lat' dir='ltr'>Seruius</span> <span class='ocrx_word' id='word_1_111' title='bbox 1056 2423 1081 2471; x_wconf 92' lang='lat' dir='ltr'>in</span> <span class='ocrx_word' id='word_1_112' title='bbox 1103 2422 1167 2470; x_wconf 80' lang='lat' dir='ltr'>Aen.</span> <span class='ocrx_word' id='word_1_113' title='bbox 1183 2421 1235 2472; x_wconf 84' lang='lat' dir='ltr'>X5</span> <span class='ocrx_word' id='word_1_114' title='bbox 1255 2421 1302 2468; x_wconf 82' lang='lat' dir='ltr'>‘bi-</span> 
     </span>
     <span class='ocr_line' id='line_1_20' title="bbox 214 2491 1303 2561; baseline -0.004 -20"><span class='ocrx_word' id='word_1_115' title='bbox 214 2500 270 2559; x_wconf 88' lang='lat' dir='ltr'>pat</span> <span class='ocrx_word' id='word_1_116' title='bbox 280 2493 426 2542; x_wconf 84' lang='lat' dir='ltr'>entibus:</span> <span class='ocrx_word' id='word_1_117' title='bbox 446 2492 552 2557; x_wconf 76' lang='lat' dir='ltr'><strong>physice</strong></span> <span class='ocrx_word' id='word_1_118' title='bbox 567 2493 643 2543; x_wconf 86' lang='lat' dir='ltr'>dixit.</span> <span class='ocrx_word' id='word_1_119' title='bbox 664 2509 722 2544; x_wconf 89' lang='lat' dir='ltr'>nam</span> <span class='ocrx_word' id='word_1_120' title='bbox 737 2495 835 2546; x_wconf 88' lang='lat' dir='ltr'>caelum</span> <span class='ocrx_word' id='word_1_121' title='bbox 851 2502 921 2561; x_wconf 86' lang='lat' dir='ltr'>patet</span> <span class='ocrx_word' id='word_1_122' title='bbox 933 2494 965 2544; x_wconf 83' lang='lat' dir='ltr'>ab</span> <span class='ocrx_word' id='word_1_123' title='bbox 979 2501 1034 2542; x_wconf 91' lang='lat' dir='ltr'>ortu</span> <span class='ocrx_word' id='word_1_124' title='bbox 1047 2500 1071 2542; x_wconf 88' lang='lat' dir='ltr'>et</span> <span class='ocrx_word' id='word_1_125' title='bbox 1086 2505 1188 2540; x_wconf 79' lang='lat' dir='ltr'>occasu.</span> <span class='ocrx_word' id='word_1_126' title='bbox 1217 2491 1256 2540; x_wconf 84' lang='lat' dir='ltr'>list</span> <span class='ocrx_word' id='word_1_127' title='bbox 1270 2505 1303 2538; x_wconf 84' lang='lat' dir='ltr'>au-</span> 
     </span>
     <span class='ocr_line' id='line_1_21' title="bbox 210 2559 1248 2628; baseline -0.001 -17"><span class='ocrx_word' id='word_1_128' title='bbox 210 2572 262 2613; x_wconf 85' lang='lat' dir='ltr'>tem</span> <span class='ocrx_word' id='word_1_129' title='bbox 275 2577 358 2612; x_wconf 87' lang='lat' dir='ltr'>sermo</span> <span class='ocrx_word' id='word_1_130' title='bbox 366 2563 497 2612; x_wconf 84' lang='lat' dir='ltr'>Ennianus</span> <span class='ocrx_word' id='word_1_131' title='bbox 509 2569 603 2612; x_wconf 86' lang='lat' dir='ltr'>tractus</span> <span class='ocrx_word' id='word_1_132' title='bbox 618 2563 649 2612; x_wconf 84' lang='lat' dir='ltr'>ab</span> <span class='ocrx_word' id='word_1_133' title='bbox 664 2564 747 2624; x_wconf 88' lang='lat' dir='ltr'>ostiis,</span> <span class='ocrx_word' id='word_1_134' title='bbox 761 2581 826 2627; x_wconf 86' lang='lat' dir='ltr'>quae</span> <span class='ocrx_word' id='word_1_135' title='bbox 839 2581 871 2614; x_wconf 88' lang='lat' dir='ltr'>ex</span> <span class='ocrx_word' id='word_1_136' title='bbox 883 2573 990 2626; x_wconf 85' lang='lat' dir='ltr'>utraque</span> <span class='ocrx_word' id='word_1_137' title='bbox 1003 2569 1075 2628; x_wconf 89' lang='lat' dir='ltr'>parte</span> <span class='ocrx_word' id='word_1_138' title='bbox 1089 2559 1248 2627; x_wconf 63' lang='lat' dir='ltr'>apellantur.¹</span> 
     </span>
     <span class='ocr_line' id='line_1_22' title="bbox 211 2627 1302 2698; baseline -0.007 -16"><span class='ocrx_word' id='word_1_139' title='bbox 211 2633 280 2682; x_wconf 91' lang='lat' dir='ltr'>XLV</span> <span class='ocrx_word' id='word_1_140' title='bbox 300 2631 444 2698; x_wconf 81' lang='lat' dir='ltr'>Appuleius</span> <span class='ocrx_word' id='word_1_141' title='bbox 459 2632 490 2680; x_wconf 88' lang='lat' dir='ltr'>de</span> <span class='ocrx_word' id='word_1_142' title='bbox 506 2631 554 2680; x_wconf 89' lang='lat' dir='ltr'>deo</span> <span class='ocrx_word' id='word_1_143' title='bbox 571 2631 641 2681; x_wconf 90' lang='lat' dir='ltr'>Socr.</span> <span class='ocrx_word' id='word_1_144' title='bbox 660 2649 682 2680; x_wconf 91' lang='lat' dir='ltr'>c.</span> <span class='ocrx_word' id='word_1_145' title='bbox 694 2636 710 2682; x_wconf 81' lang='lat'>2</span> <span class='ocrx_word' id='word_1_146' title='bbox 723 2649 749 2698; x_wconf 94' lang='lat' dir='ltr'>p.</span> <span class='ocrx_word' id='word_1_147' title='bbox 767 2634 814 2684; x_wconf 75' lang='lat' dir='ltr'>lat</span> <span class='ocrx_word' id='word_1_148' title='bbox 827 2634 891 2684; x_wconf 90' lang='lat' dir='ltr'>Oud.</span> <span class='ocrx_word' id='word_1_149' title='bbox 916 2637 1038 2696; x_wconf 80' lang='lat' dir='ltr'>‘quorum</span> <span class='ocrx_word' id='word_1_150' title='bbox 1057 2632 1083 2679; x_wconf 95' lang='lat' dir='ltr'>in</span> <span class='ocrx_word' id='word_1_151' title='bbox 1096 2645 1201 2680; x_wconf 90' lang='lat' dir='ltr'>numero</span> <span class='ocrx_word' id='word_1_152' title='bbox 1214 2637 1263 2679; x_wconf 90' lang='lat' dir='ltr'>sunt</span> <span class='ocrx_word' id='word_1_153' title='bbox 1274 2627 1302 2676; x_wconf 85' lang='lat' dir='ltr'>illi</span> 
     </span>
     <span class='ocr_line' id='line_1_23' title="bbox 211 2699 1301 2754; baseline -0.008 -2"><span class='ocrx_word' id='word_1_154' title='bbox 211 2702 346 2752; x_wconf 88' lang='lat' dir='ltr'>duodecim</span> <span class='ocrx_word' id='word_1_155' title='bbox 378 2715 512 2750; x_wconf 91' lang='lat' dir='ltr'>numeroso</span> <span class='ocrx_word' id='word_1_156' title='bbox 540 2703 591 2750; x_wconf 87' lang='lat' dir='ltr'>situ</span> <span class='ocrx_word' id='word_1_157' title='bbox 618 2703 749 2751; x_wconf 83' lang='lat' dir='ltr'>nominum</span> <span class='ocrx_word' id='word_1_158' title='bbox 779 2705 805 2753; x_wconf 93' lang='lat' dir='ltr'>in</span> <span class='ocrx_word' id='word_1_159' title='bbox 830 2705 894 2754; x_wconf 90' lang='lat' dir='ltr'>duos</span> <span class='ocrx_word' id='word_1_160' title='bbox 922 2717 1012 2752; x_wconf 86' lang='lat' dir='ltr'>uersus</span> <span class='ocrx_word' id='word_1_161' title='bbox 1042 2701 1073 2749; x_wconf 88' lang='lat' dir='ltr'>ab</span> <span class='ocrx_word' id='word_1_162' title='bbox 1098 2700 1180 2749; x_wconf 85' lang='lat' dir='ltr'>Ennio</span> <span class='ocrx_word' id='word_1_163' title='bbox 1205 2699 1301 2750; x_wconf 85' lang='lat' dir='ltr'>coartati:</span> 
     </span>
     <span class='ocr_line' id='line_1_24' title="bbox 211 2768 1302 2840; baseline -0.007 -20"><span class='ocrx_word' id='word_1_164' title='bbox 211 2773 286 2822; x_wconf 89' lang='lat' dir='ltr'>luno&#39;</span> <span class='ocrx_word' id='word_1_165' title='bbox 309 2787 331 2820; x_wconf 90' lang='lat' dir='ltr'>e.</span> <span class='ocrx_word' id='word_1_166' title='bbox 347 2786 371 2832; x_wconf 90' lang='lat' dir='ltr'>q.</span> <span class='ocrx_word' id='word_1_167' title='bbox 390 2785 410 2819; x_wconf 89' lang='lat' dir='ltr'>s.</span> <span class='ocrx_word' id='word_1_168' title='bbox 450 2770 589 2820; x_wconf 84' lang='lat' dir='ltr'>Martianus</span> <span class='ocrx_word' id='word_1_169' title='bbox 604 2771 709 2836; x_wconf 84' lang='lat' dir='ltr'>Capella</span> <span class='ocrx_word' id='word_1_170' title='bbox 723 2774 734 2820; x_wconf 93' lang='lat' dir='ltr'>l</span> <span class='ocrx_word' id='word_1_171' title='bbox 748 2788 774 2837; x_wconf 90' lang='lat' dir='ltr'>p.</span> <span class='ocrx_word' id='word_1_172' title='bbox 793 2774 825 2824; x_wconf 85' lang='lat'>15</span> <span class='ocrx_word' id='word_1_173' title='bbox 840 2773 869 2822; x_wconf 86' lang='lat' dir='ltr'>G.</span> <span class='ocrx_word' id='word_1_174' title='bbox 890 2772 938 2840; x_wconf 77' lang='lat'>(89</span> <span class='ocrx_word' id='word_1_175' title='bbox 953 2768 999 2834; x_wconf 80' lang='lat' dir='ltr'>K.)</span> <span class='ocrx_word' id='word_1_176' title='bbox 1024 2773 1097 2818; x_wconf 90' lang='lat' dir='ltr'>‘tunc</span> <span class='ocrx_word' id='word_1_177' title='bbox 1119 2770 1196 2818; x_wconf 86' lang='lat' dir='ltr'>etiam</span> <span class='ocrx_word' id='word_1_178' title='bbox 1213 2777 1237 2818; x_wconf 88' lang='lat' dir='ltr'>at</span> <span class='ocrx_word' id='word_1_179' title='bbox 1252 2771 1302 2818; x_wconf 85' lang='lat' dir='ltr'>inter</span> 
     </span>
     <span class='ocr_line' id='line_1_25' title="bbox 211 2837 1302 2907; baseline -0.006 -16"><span class='ocrx_word' id='word_1_180' title='bbox 211 2843 276 2891; x_wconf 89' lang='lat' dir='ltr'>alios</span> <span class='ocrx_word' id='word_1_181' title='bbox 290 2841 418 2905; x_wconf 88' lang='lat' dir='ltr'>potissimi</span> <span class='ocrx_word' id='word_1_182' title='bbox 431 2848 582 2904; x_wconf 81' lang='lat' dir='ltr'>rogarentur</span> <span class='ocrx_word' id='word_1_183' title='bbox 594 2841 677 2905; x_wconf 90' lang='lat' dir='ltr'>ipsius</span> <span class='ocrx_word' id='word_1_184' title='bbox 691 2842 904 2907; x_wconf 70' lang='lat' dir='ltr'>collegae&#39;louis‚</span> <span class='ocrx_word' id='word_1_185' title='bbox 924 2843 967 2905; x_wconf 90' lang='lat' dir='ltr'>qui</span> <span class='ocrx_word' id='word_1_186' title='bbox 980 2841 1020 2890; x_wconf 90' lang='lat' dir='ltr'>bis</span> <span class='ocrx_word' id='word_1_187' title='bbox 1034 2841 1089 2889; x_wconf 90' lang='lat' dir='ltr'>seni</span> <span class='ocrx_word' id='word_1_188' title='bbox 1102 2855 1160 2888; x_wconf 89' lang='lat' dir='ltr'>cum</span> <span class='ocrx_word' id='word_1_189' title='bbox 1173 2840 1253 2890; x_wconf 88' lang='lat' dir='ltr'>eodem</span> <span class='ocrx_word' id='word_1_190' title='bbox 1265 2837 1302 2885; x_wconf 89' lang='lat' dir='ltr'>To-</span> 
     </span>
     <span class='ocr_line' id='line_1_26' title="bbox 211 2911 1299 2978; baseline -0.006 -18"><span class='ocrx_word' id='word_1_191' title='bbox 211 2919 286 2960; x_wconf 89' lang='lat' dir='ltr'>nante</span> <span class='ocrx_word' id='word_1_192' title='bbox 302 2917 465 2958; x_wconf 83' lang='lat' dir='ltr'>numerantur</span> <span class='ocrx_word' id='word_1_193' title='bbox 486 2925 600 2973; x_wconf 88' lang='lat' dir='ltr'>quosque</span> <span class='ocrx_word' id='word_1_194' title='bbox 616 2911 743 2960; x_wconf 83' lang='lat' dir='ltr'>distic-hon</span> <span class='ocrx_word' id='word_1_195' title='bbox 758 2913 933 2978; x_wconf 82' lang='lat' dir='ltr'>complectitur</span> <span class='ocrx_word' id='word_1_196' title='bbox 947 2911 1101 2961; x_wconf 84' lang='lat' dir='ltr'>Ennianum:</span> <span class='ocrx_word' id='word_1_197' title='bbox 1124 2911 1200 2958; x_wconf 74' lang='lat' dir='ltr'>luno·</span> <span class='ocrx_word' id='word_1_198' title='bbox 1220 2925 1239 2958; x_wconf 89' lang='lat' dir='ltr'>e.</span> <span class='ocrx_word' id='word_1_199' title='bbox 1252 2925 1271 2970; x_wconf 93' lang='lat' dir='ltr'>q.</span> <span class='ocrx_word' id='word_1_200' title='bbox 1284 2923 1299 2954; x_wconf 90' lang='lat' dir='ltr'>s.</span> 
     </span>
     <span class='ocr_line' id='line_1_27' title="bbox 210 2978 1300 3031; baseline -0.003 -3"><span class='ocrx_word' id='word_1_201' title='bbox 210 2981 257 3028; x_wconf 93' lang='lat' dir='ltr'>Hic</span> <span class='ocrx_word' id='word_1_202' title='bbox 278 2979 383 3028; x_wconf 86' lang='lat' dir='ltr'>ascribit</span> <span class='ocrx_word' id='word_1_203' title='bbox 398 2978 496 3028; x_wconf 87' lang='lat' dir='ltr'>Merula</span> <span class='ocrx_word' id='word_1_204' title='bbox 565 2981 646 3029; x_wconf 86' lang='lat' dir='ltr'>XLVI</span> <span class='ocrx_word' id='word_1_205' title='bbox 666 2980 772 3030; x_wconf 88' lang='lat' dir='ltr'>Seruius</span> <span class='ocrx_word' id='word_1_206' title='bbox 791 2983 816 3030; x_wconf 92' lang='lat' dir='ltr'>in</span> <span class='ocrx_word' id='word_1_207' title='bbox 829 2982 893 3031; x_wconf 81' lang='lat' dir='ltr'>Aen.</span> <span class='ocrx_word' id='word_1_208' title='bbox 910 2983 944 3030; x_wconf 96' lang='lat' dir='ltr'>IV</span> <span class='ocrx_word' id='word_1_209' title='bbox 961 2979 1012 3031; x_wconf 81' lang='lat'>576</span> <span class='ocrx_word' id='word_1_210' title='bbox 1036 2982 1138 3028; x_wconf 87' lang='lat' dir='ltr'>‘sancte</span> <span class='ocrx_word' id='word_1_211' title='bbox 1158 2979 1253 3028; x_wconf 88' lang='lat' dir='ltr'>deorum</span> <span class='ocrx_word' id='word_1_212' title='bbox 1271 2993 1300 3025; x_wconf 87' lang='lat' dir='ltr'>se-</span> 
     </span>
     <span class='ocr_line' id='line_1_28' title="bbox 211 3045 1299 3116; baseline -0.006 -18"><span class='ocrx_word' id='word_1_213' title='bbox 211 3049 322 3098; x_wconf 89' lang='lat' dir='ltr'>cundum</span> <span class='ocrx_word' id='word_1_214' title='bbox 332 3049 441 3097; x_wconf 89' lang='lat' dir='ltr'>Ennium</span> <span class='ocrx_word' id='word_1_215' title='bbox 451 3049 531 3098; x_wconf 82' lang='lat' dir='ltr'>dixit:</span> <span class='ocrx_word' id='word_1_216' title='bbox 547 3050 692 3116; x_wconf 87' lang='lat' dir='ltr'>respondit&#39;</span> <span class='ocrx_word' id='word_1_217' title='bbox 708 3065 730 3099; x_wconf 88' lang='lat' dir='ltr'>e.</span> <span class='ocrx_word' id='word_1_218' title='bbox 746 3067 769 3112; x_wconf 90' lang='lat' dir='ltr'>q.</span> <span class='ocrx_word' id='word_1_219' title='bbox 785 3066 805 3099; x_wconf 92' lang='lat' dir='ltr'>s.</span> <span class='ocrx_word' id='word_1_220' title='bbox 833 3052 947 3101; x_wconf 79' lang='lat' dir='ltr'>Donatus</span> <span class='ocrx_word' id='word_1_221' title='bbox 961 3051 993 3100; x_wconf 91' lang='lat' dir='ltr'>de</span> <span class='ocrx_word' id='word_1_222' title='bbox 1002 3046 1168 3098; x_wconf 81' lang='lat' dir='ltr'>barbarismis</span> <span class='ocrx_word' id='word_1_223' title='bbox 1183 3065 1207 3114; x_wconf 94' lang='lat' dir='ltr'>p.</span> <span class='ocrx_word' id='word_1_224' title='bbox 1218 3045 1299 3098; x_wconf 78' lang='grc'><strong>11691.</strong></span> 
     </span>
     <span class='ocr_line' id='line_1_29' title="bbox 210 3115 1299 3185; baseline -0.005 -16"><span class='ocrx_word' id='word_1_225' title='bbox 210 3119 257 3184; x_wconf 75' lang='grc'>(27</span> <span class='ocrx_word' id='word_1_226' title='bbox 278 3115 369 3177; x_wconf 80' lang='lat' dir='ltr'>LInd.)</span> <span class='ocrx_word' id='word_1_227' title='bbox 391 3118 596 3182; x_wconf 86' lang='lat' dir='ltr'>(soloecismus)</span> <span class='ocrx_word' id='word_1_228' title='bbox 628 3123 688 3184; x_wconf 85' lang='lat' dir='ltr'>‘per</span> <span class='ocrx_word' id='word_1_229' title='bbox 708 3121 912 3185; x_wconf 85' lang='lat' dir='ltr'>comparationes</span> <span class='ocrx_word' id='word_1_230' title='bbox 935 3121 1014 3170; x_wconf 88' lang='lat' dir='ltr'>sicut:</span> <span class='ocrx_word' id='word_1_231' title='bbox 1038 3119 1184 3184; x_wconf 88' lang='lat' dir='ltr'>respondit’</span> <span class='ocrx_word' id='word_1_232' title='bbox 1209 3133 1228 3168; x_wconf 90' lang='lat' dir='ltr'>e.</span> <span class='ocrx_word' id='word_1_233' title='bbox 1247 3132 1299 3179; x_wconf 86' lang='lat' dir='ltr'>qs.</span> 
     </span>
     <span class='ocr_line' id='line_1_30' title="bbox 211 3183 1301 3256; baseline -0.002 -21"><span class='ocrx_word' id='word_1_234' title='bbox 211 3192 273 3254; x_wconf 86' lang='lat' dir='ltr'>‘pro</span> <span class='ocrx_word' id='word_1_235' title='bbox 288 3187 467 3236; x_wconf 61' lang='lat' dir='ltr'>sanctissima)</span> <span class='ocrx_word' id='word_1_236' title='bbox 507 3189 644 3254; x_wconf 88' lang='lat' dir='ltr'>Pompeius</span> <span class='ocrx_word' id='word_1_237' title='bbox 658 3189 752 3238; x_wconf 89' lang='lat' dir='ltr'>Donati</span> <span class='ocrx_word' id='word_1_238' title='bbox 767 3199 901 3240; x_wconf 89' lang='lat' dir='ltr'>comment.</span> <span class='ocrx_word' id='word_1_239' title='bbox 919 3207 945 3256; x_wconf 91' lang='lat' dir='ltr'>p.</span> <span class='ocrx_word' id='word_1_240' title='bbox 964 3187 1103 3239; x_wconf 71' lang='grc'><strong>4351111.</strong></span> <span class='ocrx_word' id='word_1_241' title='bbox 1128 3183 1301 3253; x_wconf 80' lang='lat' dir='ltr'>(soloerIsmusl</span> 
     </span>
     <span class='ocr_line' id='line_1_31' title="bbox 212 3255 1299 3323; baseline -0.004 -18"><span class='ocrx_word' id='word_1_242' title='bbox 212 3262 273 3323; x_wconf 87' lang='lat' dir='ltr'>‘per</span> <span class='ocrx_word' id='word_1_243' title='bbox 287 3257 515 3321; x_wconf 86' lang='lat' dir='ltr'>comparationem:</span> <span class='ocrx_word' id='word_1_244' title='bbox 540 3258 683 3323; x_wconf 92' lang='lat' dir='ltr'>respondit’</span> <span class='ocrx_word' id='word_1_245' title='bbox 704 3275 726 3308; x_wconf 90' lang='lat' dir='ltr'>e.</span> <span class='ocrx_word' id='word_1_246' title='bbox 739 3275 764 3322; x_wconf 88' lang='lat' dir='ltr'>q.</span> <span class='ocrx_word' id='word_1_247' title='bbox 776 3275 797 3308; x_wconf 93' lang='lat' dir='ltr'>s.</span> <span class='ocrx_word' id='word_1_248' title='bbox 834 3260 955 3310; x_wconf 85' lang='lat' dir='ltr'>Claudius</span> <span class='ocrx_word' id='word_1_249' title='bbox 976 3258 1100 3308; x_wconf 78' lang='lat' dir='ltr'>Sacerdos</span> <span class='ocrx_word' id='word_1_250' title='bbox 1120 3259 1131 3305; x_wconf 95' lang='lat' dir='ltr'>l</span> <span class='ocrx_word' id='word_1_251' title='bbox 1149 3273 1175 3322; x_wconf 93' lang='lat' dir='ltr'>p.</span> <span class='ocrx_word' id='word_1_252' title='bbox 1191 3257 1222 3307; x_wconf 72' lang='lat'>28</span> <span class='ocrx_word' id='word_1_253' title='bbox 1240 3255 1299 3304; x_wconf 84' lang='lat' dir='ltr'>Endl.</span> 
     </span>
     <span class='ocr_line' id='line_1_32' title="bbox 212 3323 1357 3394; baseline -0.003 -18"><span class='ocrx_word' id='word_1_254' title='bbox 212 3323 408 3394; x_wconf 84' lang='lat' dir='ltr'>(soloecIsmus)</span> <span class='ocrx_word' id='word_1_255' title='bbox 432 3331 492 3391; x_wconf 89' lang='lat' dir='ltr'>‘per</span> <span class='ocrx_word' id='word_1_256' title='bbox 506 3329 601 3392; x_wconf 77' lang='lat' dir='ltr'>gradus</span> <span class='ocrx_word' id='word_1_257' title='bbox 617 3327 782 3388; x_wconf 88' lang='lat' dir='ltr'>conlationis,</span> <span class='ocrx_word' id='word_1_258' title='bbox 807 3329 857 3379; x_wconf 89' lang='lat' dir='ltr'>hoc</span> <span class='ocrx_word' id='word_1_259' title='bbox 872 3337 910 3380; x_wconf 88' lang='lat' dir='ltr'>est</span> <span class='ocrx_word' id='word_1_260' title='bbox 930 3327 1143 3393; x_wconf 81' lang='lat' dir='ltr'>comparatIonis‚</span> <span class='ocrx_word' id='word_1_261' title='bbox 1167 3335 1194 3374; x_wconf 92' lang='lat' dir='ltr'>ut</span> <span class='ocrx_word' id='word_1_262' title='bbox 1211 3325 1300 3376; x_wconf 86' lang='lat' dir='ltr'>estSa-</span> <span class='ocrx_word' id='word_1_263' title='bbox 1356 3360 1357 3384; x_wconf 41' lang='lat' dir='ltr'>p</span> 
     </span>
     <span class='ocr_line' id='line_1_33' title="bbox 210 3395 1247 3462; baseline -0.003 -15"><span class='ocrx_word' id='word_1_264' title='bbox 210 3397 321 3447; x_wconf 88' lang='lat' dir='ltr'>turnia</span> <span class='ocrx_word' id='word_1_265' title='bbox 342 3395 481 3461; x_wconf 92' lang='lat' dir='ltr'>pulchra</span> <span class='ocrx_word' id='word_1_266' title='bbox 511 3397 641 3448; x_wconf 89' lang='lat' dir='ltr'>dearum</span> <span class='ocrx_word' id='word_1_267' title='bbox 666 3413 712 3462; x_wconf 93' lang='lat' dir='ltr'>pro</span> <span class='ocrx_word' id='word_1_268' title='bbox 734 3398 923 3462; x_wconf 58' lang='lat' dir='ltr'>pulcherrima)</span> <span class='ocrx_word' id='word_1_269' title='bbox 959 3399 1014 3450; x_wconf 89' lang='lat' dir='ltr'>Huc</span> <span class='ocrx_word' id='word_1_270' title='bbox 1040 3397 1135 3446; x_wconf 88' lang='lat' dir='ltr'>rettulit</span> <span class='ocrx_word' id='word_1_271' title='bbox 1159 3396 1247 3446; x_wconf 83' lang='lat' dir='ltr'>Merula</span> 
     </span>
     <span class='ocr_line' id='line_1_34' title="bbox 210 3465 1300 3529; baseline -0.005 -12"><span class='ocrx_word' id='word_1_272' title='bbox 210 3467 305 3517; x_wconf 89' lang='lat' dir='ltr'>XLVII</span> <span class='ocrx_word' id='word_1_273' title='bbox 323 3468 405 3517; x_wconf 83' lang='lat' dir='ltr'>Varro</span> <span class='ocrx_word' id='word_1_274' title='bbox 420 3466 452 3516; x_wconf 87' lang='lat' dir='ltr'>de</span> <span class='ocrx_word' id='word_1_275' title='bbox 465 3466 494 3515; x_wconf 89' lang='lat' dir='ltr'>L.</span> <span class='ocrx_word' id='word_1_276' title='bbox 511 3466 540 3515; x_wconf 91' lang='lat' dir='ltr'>L.</span> <span class='ocrx_word' id='word_1_277' title='bbox 558 3469 605 3517; x_wconf 94' lang='lat' dir='ltr'>Vll</span> <span class='ocrx_word' id='word_1_278' title='bbox 620 3467 636 3517; x_wconf 89' lang='grc'><strong>6</strong></span> <span class='ocrx_word' id='word_1_279' title='bbox 651 3467 684 3515; x_wconf 96' lang='lat' dir='ltr'>M.</span> <span class='ocrx_word' id='word_1_280' title='bbox 707 3468 805 3516; x_wconf 86' lang='lat' dir='ltr'>‘dicam</span> <span class='ocrx_word' id='word_1_281' title='bbox 819 3469 845 3517; x_wconf 91' lang='lat' dir='ltr'>in</span> <span class='ocrx_word' id='word_1_282' title='bbox 860 3469 909 3518; x_wconf 90' lang='lat' dir='ltr'>hoc</span> <span class='ocrx_word' id='word_1_283' title='bbox 925 3470 989 3518; x_wconf 85' lang='lat' dir='ltr'>libro</span> <span class='ocrx_word' id='word_1_284' title='bbox 1006 3468 1037 3516; x_wconf 90' lang='lat' dir='ltr'>de</span> <span class='ocrx_word' id='word_1_285' title='bbox 1050 3465 1136 3516; x_wconf 89' lang='lat' dir='ltr'>uerbis</span> <span class='ocrx_word' id='word_1_286' title='bbox 1151 3481 1214 3528; x_wconf 84' lang='lat' dir='ltr'>quae</span> <span class='ocrx_word' id='word_1_287' title='bbox 1230 3465 1300 3529; x_wconf 78' lang='lat' dir='ltr'>apoi-</span> 
     </span>
     <span class='ocr_line' id='line_1_35' title="bbox 208 3533 1357 3606; baseline -0.004 -19"><span class='ocrx_word' id='word_1_288' title='bbox 208 3539 241 3588; x_wconf 89' lang='lat' dir='ltr'>tis</span> <span class='ocrx_word' id='word_1_289' title='bbox 260 3543 317 3586; x_wconf 88' lang='lat' dir='ltr'>sunt</span> <span class='ocrx_word' id='word_1_290' title='bbox 329 3537 415 3601; x_wconf 88' lang='lat' dir='ltr'>posita</span> <span class='ocrx_word' id='word_1_291' title='bbox 435 3562 469 3570; x_wconf 90' lang='lat'>—</span> <span class='ocrx_word' id='word_1_292' title='bbox 488 3537 610 3602; x_wconf 85' lang='lat' dir='ltr'>incipIam</span> <span class='ocrx_word' id='word_1_293' title='bbox 625 3535 700 3584; x_wconf 90' lang='lat' dir='ltr'>hinc:</span> <span class='ocrx_word' id='word_1_294' title='bbox 719 3539 798 3585; x_wconf 92' lang='lat' dir='ltr'>unus&#39;</span> <span class='ocrx_word' id='word_1_295' title='bbox 815 3553 837 3587; x_wconf 91' lang='lat' dir='ltr'>e.</span> <span class='ocrx_word' id='word_1_296' title='bbox 854 3554 878 3600; x_wconf 90' lang='lat' dir='ltr'>q.</span> <span class='ocrx_word' id='word_1_297' title='bbox 895 3555 915 3588; x_wconf 90' lang='lat' dir='ltr'>s.</span> <span class='ocrx_word' id='word_1_298' title='bbox 945 3539 983 3588; x_wconf 84' lang='lat' dir='ltr'>CI.</span> <span class='ocrx_word' id='word_1_299' title='bbox 1001 3536 1108 3586; x_wconf 88' lang='lat' dir='ltr'>Ouidius</span> <span class='ocrx_word' id='word_1_300' title='bbox 1123 3536 1182 3584; x_wconf 89' lang='lat' dir='ltr'>Met.</span> <span class='ocrx_word' id='word_1_301' title='bbox 1196 3535 1248 3584; x_wconf 91' lang='lat' dir='ltr'>XIV</span> <span class='ocrx_word' id='word_1_302' title='bbox 1260 3533 1299 3583; x_wconf 80' lang='grc'>612</span> <span class='ocrx_word' id='word_1_303' title='bbox 1356 3582 1357 3606; x_wconf 54' lang='lat'>.</span> 
     </span>
     <span class='ocr_line' id='line_1_36' title="bbox 208 3605 1300 3674; baseline -0.005 -18"><span class='ocrx_word' id='word_1_304' title='bbox 208 3612 250 3656; x_wconf 79' lang='lat' dir='ltr'>‘tu</span> <span class='ocrx_word' id='word_1_305' title='bbox 271 3605 334 3656; x_wconf 90' lang='lat' dir='ltr'>mihi</span> <span class='ocrx_word' id='word_1_306' title='bbox 360 3605 468 3655; x_wconf 88' lang='lat' dir='ltr'>concilio</span> <span class='ocrx_word' id='word_1_307' title='bbox 491 3607 620 3669; x_wconf 85' lang='lat' dir='ltr'>quondam</span> <span class='ocrx_word' id='word_1_308' title='bbox 645 3615 779 3670; x_wconf 85' lang='lat' dir='ltr'>praesente</span> <span class='ocrx_word' id='word_1_309' title='bbox 801 3608 905 3657; x_wconf 91' lang='lat' dir='ltr'>deorum</span> <span class='ocrx_word' id='word_1_310' title='bbox 934 3607 1017 3674; x_wconf 89' lang='lat' dir='ltr'>(Nam</span> <span class='ocrx_word' id='word_1_311' title='bbox 1036 3620 1149 3655; x_wconf 90' lang='lat' dir='ltr'>memoro</span> <span class='ocrx_word' id='word_1_312' title='bbox 1168 3605 1300 3666; x_wconf 88' lang='lat' dir='ltr'>memorique</span> 
     </span>
     <span class='ocr_line' id='line_1_37' title="bbox 208 3673 1299 3741; baseline -0.005 -15"><span class='ocrx_word' id='word_1_313' title='bbox 208 3678 293 3726; x_wconf 83' lang='lat' dir='ltr'>animo</span> <span class='ocrx_word' id='word_1_314' title='bbox 307 3677 351 3741; x_wconf 86' lang='lat' dir='ltr'>pia</span> <span class='ocrx_word' id='word_1_315' title='bbox 365 3676 442 3726; x_wconf 88' lang='lat' dir='ltr'>uerba</span> <span class='ocrx_word' id='word_1_316' title='bbox 456 3674 557 3737; x_wconf 87' lang='lat' dir='ltr'>notaui)</span> <span class='ocrx_word' id='word_1_317' title='bbox 580 3678 669 3726; x_wconf 93' lang='lat' dir='ltr'>Vnus</span> <span class='ocrx_word' id='word_1_318' title='bbox 689 3677 900 3738; x_wconf 89' lang='lat' dir='ltr'>eritquemtu</span> <span class='ocrx_word' id='word_1_319' title='bbox 915 3678 1016 3727; x_wconf 89' lang='lat' dir='ltr'>tolles</span> <span class='ocrx_word' id='word_1_320' title='bbox 1039 3677 1069 3724; x_wconf 91' lang='lat' dir='ltr'>in</span> <span class='ocrx_word' id='word_1_321' title='bbox 1091 3673 1299 3725; x_wconf 85' lang='lat' dir='ltr'>cacrulacaeli</span> 
     </span>
     <span class='ocr_line' id='line_1_38' title="bbox 208 3743 1300 3808; baseline -0.007 -11"><span class='ocrx_word' id='word_1_322' title='bbox 208 3747 317 3797; x_wconf 84' lang='lat' dir='ltr'>Dixisti:</span> <span class='ocrx_word' id='word_1_323' title='bbox 337 3754 391 3795; x_wconf 83' lang='lat' dir='ltr'>rata</span> <span class='ocrx_word' id='word_1_324' title='bbox 404 3746 437 3794; x_wconf 89' lang='lat' dir='ltr'>sit</span> <span class='ocrx_word' id='word_1_325' title='bbox 453 3747 589 3796; x_wconf 85' lang='lat' dir='ltr'>uerborum</span> <span class='ocrx_word' id='word_1_326' title='bbox 605 3760 705 3794; x_wconf 85' lang='lat' dir='ltr'>summa</span> <span class='ocrx_word' id='word_1_327' title='bbox 723 3748 842 3796; x_wconf 89' lang='lat' dir='ltr'>tuorum.’</span> <span class='ocrx_word' id='word_1_328' title='bbox 870 3749 942 3797; x_wconf 88' lang='lat' dir='ltr'>Idem</span> <span class='ocrx_word' id='word_1_329' title='bbox 955 3748 1023 3797; x_wconf 86' lang='lat' dir='ltr'>Fast.</span> <span class='ocrx_word' id='word_1_330' title='bbox 1040 3744 1129 3796; x_wconf 85' lang='grc'><strong>11485</strong></span> <span class='ocrx_word' id='word_1_331' title='bbox 1150 3745 1237 3794; x_wconf 86' lang='lat' dir='ltr'>‘redde</span> <span class='ocrx_word' id='word_1_332' title='bbox 1248 3743 1300 3808; x_wconf 89' lang='lat' dir='ltr'>patri</span> 
     </span>
     <span class='ocr_line' id='line_1_39' title="bbox 209 3814 1298 3885; baseline -0.006 -20"><span class='ocrx_word' id='word_1_333' title='bbox 209 3823 308 3866; x_wconf 85' lang='lat' dir='ltr'>natum:</span> <span class='ocrx_word' id='word_1_334' title='bbox 336 3815 454 3878; x_wconf 81' lang='lat' dir='ltr'>‹pramuis</span> <span class='ocrx_word' id='word_1_335' title='bbox 472 3816 599 3866; x_wconf 88' lang='lat' dir='ltr'>intercidit</span> <span class='ocrx_word' id='word_1_336' title='bbox 614 3815 692 3874; x_wconf 87' lang='lat' dir='ltr'>alter,</span> <span class='ocrx_word' id='word_1_337' title='bbox 712 3815 760 3863; x_wconf 92' lang='lat' dir='ltr'>Pro</span> <span class='ocrx_word' id='word_1_338' title='bbox 781 3832 809 3866; x_wconf 87' lang='lat' dir='ltr'>se</span> <span class='ocrx_word' id='word_1_339' title='bbox 825 3833 922 3885; x_wconf 87' lang='lat' dir='ltr'>proque</span> <span class='ocrx_word' id='word_1_340' title='bbox 937 3818 1015 3868; x_wconf 86' lang='lat' dir='ltr'>Remo</span> <span class='ocrx_word' id='word_1_341' title='bbox 1033 3816 1076 3878; x_wconf 92' lang='lat' dir='ltr'>qui</span> <span class='ocrx_word' id='word_1_342' title='bbox 1090 3815 1154 3864; x_wconf 89' lang='lat' dir='ltr'>mihi</span> <span class='ocrx_word' id='word_1_343' title='bbox 1172 3823 1241 3864; x_wconf 88' lang='lat' dir='ltr'>restat</span> <span class='ocrx_word' id='word_1_344' title='bbox 1255 3814 1298 3862; x_wconf 88' lang='lat' dir='ltr'>erit.</span> 
     </span>
    </p>
   </div>
   <div class='ocr_carea' id='block_1_9' title="bbox 201 4005 1357 4336">
    <p class='ocr_par' dir='ltr' id='par_1_9' title="bbox 201 4005 1357 4336">
     <span class='ocr_line' id='line_1_40' title="bbox 208 4005 1357 4080; baseline -0.001 -18"><span class='ocrx_word' id='word_1_345' title='bbox 208 4025 262 4080; x_wconf 90' lang='lat' dir='ltr'>que</span> <span class='ocrx_word' id='word_1_346' title='bbox 277 4010 362 4062; x_wconf 80' lang='lat' dir='ltr'>ceteri</span> <span class='ocrx_word' id='word_1_347' title='bbox 375 4007 445 4062; x_wconf 84' lang='lat' dir='ltr'>libri.</span> <span class='ocrx_word' id='word_1_348' title='bbox 471 4009 578 4063; x_wconf 86' lang='lat' dir='ltr'>celatus</span> <span class='ocrx_word' id='word_1_349' title='bbox 594 4008 641 4064; x_wconf 90' lang='lat' dir='ltr'>ubi</span> <span class='ocrx_word' id='word_1_350' title='bbox 660 4005 787 4080; x_wconf 76' lang='lat' dir='ltr'>Scoliqer</span> <span class='ocrx_word' id='word_1_351' title='bbox 799 4008 874 4065; x_wconf 83' lang='lat' dir='ltr'>Ooai.</span> <span class='ocrx_word' id='word_1_352' title='bbox 886 4024 918 4079; x_wconf 83' lang='lat' dir='ltr'>p.</span> <span class='ocrx_word' id='word_1_353' title='bbox 935 4014 995 4067; x_wconf 72' lang='lat' dir='ltr'>tas.</span> <span class='ocrx_word' id='word_1_354' title='bbox 1012 4008 1116 4062; x_wconf 85' lang='lat' dir='ltr'>effatus</span> <span class='ocrx_word' id='word_1_355' title='bbox 1133 4008 1300 4079; x_wconf 65' lang='lat' dir='ltr'>inusurpatus</span> <span class='ocrx_word' id='word_1_356' title='bbox 1356 4018 1357 4042; x_wconf 63' lang='lat'>¹</span> 
     </span>
     <span class='ocr_line' id='line_1_41' title="bbox 207 4090 1357 4192; baseline -0.003 -45"><span class='ocrx_word' id='word_1_357' title='bbox 207 4094 269 4148; x_wconf 75' lang='lat' dir='ltr'>Aac.</span> <span class='ocrx_word' id='word_1_358' title='bbox 281 4092 356 4147; x_wconf 75' lang='lat' dir='ltr'>lect.</span> <span class='ocrx_word' id='word_1_359' title='bbox 372 4090 439 4150; x_wconf 82' lang='lat'>114</span> <span class='ocrx_word' id='word_1_360' title='bbox 544 4097 579 4151; x_wconf 85' lang='grc'>63</span> <span class='ocrx_word' id='word_1_361' title='bbox 598 4092 740 4162; x_wconf 87' lang='lat' dir='ltr'>Ceresque</span> <span class='ocrx_word' id='word_1_362' title='bbox 757 4093 848 4165; x_wconf 69' lang='lat' dir='ltr'>(lueis.</span> <span class='ocrx_word' id='word_1_363' title='bbox 865 4092 1017 4164; x_wconf 82' lang='lat' dir='ltr'>dAppuiei</span> <span class='ocrx_word' id='word_1_364' title='bbox 1024 4136 1031 4159; x_wconf 91' lang='lat'><strong>‚</strong></span> <span class='ocrx_word' id='word_1_365' title='bbox 1056 4091 1120 4148; x_wconf 81' lang='lat' dir='ltr'>libri</span> <span class='ocrx_word' id='word_1_366' title='bbox 1129 4094 1247 4164; x_wconf 78' lang='lat' dir='ltr'>plerique</span> <span class='ocrx_word' id='word_1_367' title='bbox 1259 4091 1299 4147; x_wconf 77' lang='lat' dir='ltr'>Ga·</span> <span class='ocrx_word' id='word_1_368' title='bbox 1355 4091 1357 4192; x_wconf 59' lang='lat' dir='ltr'><strong>p</strong></span> 
     </span>
     <span class='ocr_line' id='line_1_42' title="bbox 202 4175 1298 4249; baseline 0.001 -18"><span class='ocrx_word' id='word_1_369' title='bbox 202 4178 295 4249; x_wconf 78' lang='lat' dir='ltr'>pellae</span> <span class='ocrx_word' id='word_1_370' title='bbox 400 4181 435 4235; x_wconf 80' lang='lat'>64</span> <span class='ocrx_word' id='word_1_371' title='bbox 453 4177 540 4244; x_wconf 89' lang='lat' dir='ltr'>louis]</span> <span class='ocrx_word' id='word_1_372' title='bbox 557 4178 679 4248; x_wconf 86' lang='lat' dir='ltr'>Iuppiter</span> <span class='ocrx_word' id='word_1_373' title='bbox 696 4175 815 4234; x_wconf 77' lang='lat' dir='ltr'>Heriem.</span> <span class='ocrx_word' id='word_1_374' title='bbox 833 4179 955 4248; x_wconf 77' lang='lat' dir='ltr'>Appulei</span> <span class='ocrx_word' id='word_1_375' title='bbox 968 4195 1004 4232; x_wconf 87' lang='lat' dir='ltr'>m.</span> <span class='ocrx_word' id='word_1_376' title='bbox 1019 4179 1085 4245; x_wconf 77' lang='lat' dir='ltr'>alt,</span> <span class='ocrx_word' id='word_1_377' title='bbox 1108 4178 1173 4249; x_wconf 79' lang='lat' dir='ltr'>aliq.</span> <span class='ocrx_word' id='word_1_378' title='bbox 1189 4179 1246 4232; x_wconf 80' lang='lat' dir='ltr'>libri</span> <span class='ocrx_word' id='word_1_379' title='bbox 1258 4176 1298 4232; x_wconf 76' lang='lat' dir='ltr'>Oa·-</span> 
     </span>
     <span class='ocr_line' id='line_1_43' title="bbox 201 4261 876 4336; baseline -0.003 -18"><span class='ocrx_word' id='word_1_380' title='bbox 201 4263 296 4336; x_wconf 76' lang='lat' dir='ltr'>petrae</span> <span class='ocrx_word' id='word_1_381' title='bbox 399 4265 434 4320; x_wconf 89' lang='grc'>66</span> <span class='ocrx_word' id='word_1_382' title='bbox 449 4263 544 4317; x_wconf 88' lang='lat' dir='ltr'>cerula</span> <span class='ocrx_word' id='word_1_383' title='bbox 558 4262 638 4318; x_wconf 80' lang='lat' dir='ltr'>Flor.</span> <span class='ocrx_word' id='word_1_384' title='bbox 656 4264 765 4320; x_wconf 87' lang='lat' dir='ltr'>coelula</span> <span class='ocrx_word' id='word_1_385' title='bbox 779 4261 876 4320; x_wconf 82' lang='lat' dir='ltr'>Haaa.</span> 
     </span>
    </p>
   </div>
   <div class='ocr_carea' id='block_1_10' title="bbox 0 0 1380 4944">
    <p class='ocr_par' dir='ltr' id='par_1_10' title="bbox 0 0 1380 4944">
     <span class='ocr_line' id='line_1_44' title="bbox 0 0 1380 4944; baseline 0 1"><span class='ocrx_word' id='word_1_386' title='bbox 0 0 1380 4944; x_wconf 95' lang='lat' dir='ltr'> </span> 
     </span>
    </p>
   </div>
  </div>
 </body>
</html>
