2796 4948
178 353 240 422 1⁷2
617 359 841 416 evannum

177 533 300 614 terras,
328 529 437 622 ibique
463 549 504 600 eo
527 529 561 598 in
587 531 699 598 monte
723 528 1069 618 aram'creatCae103
1096 530 1294 622 primusque

178 632 210 702 in
232 655 273 702 ea
291 655 349 702 ara
366 631 511 724 luppiter
527 630 744 720 sacnlieauit3
774 632 807 701 in
825 653 866 704 eo
889 633 963 702 loeo
982 633 1134 723 suspexit
1160 633 1198 702 in
1216 655 1295 702 uae-

178 735 245 806 lum
267 735 357 828 quod
387 757 474 806 nuno
498 756 561 806 nos
590 735 797 804 nominamus
825 736 937 828 [idque
958 736 1047 828 quod
1069 758 1177 826 supra
1195 758 1297 806 mun-

120 849 162 912 35
179 839 256 908 dum
274 840 361 922 erat,
386 839 475 930 quod
494 837 607 908 aether
624 837 823 925 uocabatur,
848 841 890 908 de
906 837 958 908 sui
976 839 1030 908 aui
1046 839 1184 908 nomine
1203 839 1297 909 eaelo

179 961 297 1012 nomen
315 939 459 1034 indidit]‚
482 940 580 1034 idque
599 940 744 1032 luppiter
762 943 851 1034 quod
874 941 988 1012 aether
1009 942 1198 1012 uocabatur
1217 964 1299 1033 pre-

178 1065 258 1114 cans
280 1044 420 1135 primum
447 1043 574 1114 caelum
601 1043 799 1134 nominauit;
835 1065 975 1138 eamque
1003 1044 1165 1129 hostiam,
1199 1067 1299 1138 quam

179 1147 220 1218 ibi
244 1147 403 1232 sacrauit,
427 1149 529 1216 totam
548 1147 713 1218 adoleuit’

280 1385 346 1456 Vbi
357 1384 502 1478 luppiter
513 1385 666 1476 Neptuno
687 1281 859 1476 ihrphlhium
877 1383 932 1452 dat
949 1382 1059 1467 mans
1082 1385 1120 1451 ut
1139 1382 1177 1452 in
1198 1383 1299 1453 insu-

120 1497 161 1558 to
179 1490 220 1560 lis
243 1489 395 1560 omnibus
418 1491 451 1560 et
477 1511 562 1583 quae
582 1487 764 1558 secundum
789 1507 878 1558 mare
902 1485 977 1556 looa
1000 1490 1114 1556 essent
1139 1487 1299 1556 omnibus

180 1595 336 1688 regnaret

709 1693 756 1763 [Χ

280 1795 329 1866 Ea
350 1797 545 1886 tempestate
569 1795 714 1886 luppiter
736 1797 770 1867 in
798 1799 909 1864 monte
940 1791 1084 1886 Olympo
1115 1794 1300 1864 maximam

177 1901 303 1991 partem
328 1897 416 1968 uitae
439 1897 569 1968 colebat
595 1902 628 1968 et
657 1921 698 1969 eo
726 1900 867 1968 adeum
893 1898 926 1966 in
955 1897 1008 1967 ius
1033 1897 1235 1983 ueniebant,
1271 1897 1298 1966 si

179 2025 264 2095 quae
292 1993 347 2073 res
375 2003 408 2070 in
433 2001 661 2072 controuersia
690 2005 793 2072 erant.
839 2001 919 2070 Item
945 2001 972 2070 si
998 2001 1073 2092 quis
1103 2001 1186 2092 quid
1219 1999 1299 2070 noui

119 2118 160 2178 45
179 2105 363 2188 inuenerat,
399 2105 487 2199 quod
514 2105 556 2173 ad
584 2104 685 2173 uitam
716 2104 892 2174 humanam
918 2104 998 2174 utile
1024 2106 1130 2188 esset,
1160 2121 1205 2175 eo
1233 2109 1298 2174 ue·
1386 2162 1387 2198 p

179 2207 288 2280 niebat
304 2212 403 2300 atque
420 2207 491 2277 Ioui
509 2206 714 2278 ostendebat.
921 2209 929 2222 “
1386 2200 1387 2216 ἶ

280 2423 469 2494 Lactantius
483 2424 557 2494 Diu.
569 2425 646 2496 lust.
662 2427 676 2496 l
691 2325 768 2500 eh3
791 2429 904 2496 ‘natos
918 2423 978 2494 sibi
993 2425 1081 2494 lilios
1095 2447 1162 2494 non
1180 2425 1298 2516 utique
1385 2485 1386 2492 ,

179 2527 376 2611 deuorabat‚
410 2531 447 2596 ut
476 2529 586 2598 lerunt
621 2529 767 2616 tabulae,
805 2528 865 2598 sed
901 2526 1054 2612 necabat,
1094 2548 1296 2621 quamquam

178 2630 336 2722 seriptum
360 2630 453 2699 sitin
481 2629 659 2702 historia
679 2655 799 2704 saera
820 2631 999 2702 Saturnum
1020 2633 1053 2699 et
1071 2628 1178 2721 Opem
1200 2633 1295 2700 eete-
1384 2663 1385 2670 κ

178 2755 302 2826 rosque
337 2736 415 2802 tunc
449 2732 600 2804 homines
628 2735 803 2806 humanam
834 2755 965 2806 carnem
1000 2733 1118 2803 solitos
1153 2733 1294 2802 esitare:

177 2857 292 2906 uerum
320 2835 460 2926 primum
484 2835 596 2906 Iouem
615 2836 710 2930 leges
735 2837 921 2909 hominibus
944 2857 1120 2928 moresque
1141 2837 1294 2906 conden-
1384 2883 1385 2931 p

178 2941 244 3008 tem
265 2939 372 3008 edicto
390 2937 615 3028 prohibuisse,
644 2963 685 3010 ne
703 2942 816 3012 liceret
834 2961 875 3009 eo
893 2939 966 3009 cibo
988 2939 1100 3008 uesci!

212 3139 271 3188 Vlll
289 3137 435 3188 Lactantius
445 3138 503 3189 Diu.
516 3141 576 3189 lust.
588 3141 599 3188 l
609 3156 631 3190 c.
641 3141 668 3192 ll
687 3145 727 3192 ‘ni
738 3144 839 3202 mirum,
852 3147 952 3192 ueteres
962 3140 1084 3191 historiae
1094 3140 1196 3192 docent.
1222 3140 1293 3190 huti-

179 3223 244 3273 quus
259 3215 347 3256 atrotor
362 3207 528 3268 Euhemerus,
545 3211 588 3272 qui
602 3209 650 3259 luit
665 3226 697 3260 ex
712 3213 816 3262 ciuitate
829 3211 955 3270 Messene,
973 3225 1013 3260 res
1025 3217 1112 3276 gestas
1125 3211 1196 3259 louis
1215 3219 1240 3260 et
1254 3225 1293 3259 ee-

178 3287 289 3328 terorum
310 3277 354 3340 qui
376 3277 413 3327 dii
436 3286 556 3344 putentur
575 3279 678 3344 collegit
771 3281 837 3332 huno
856 3280 991 3330 historiam
1010 3288 1034 3329 et
1051 3282 1235 3345 interpretatus
1256 3283 1293 3328 est
1383 3291 1384 3294 ¹

179 3348 276 3398 Ennius
296 3355 320 3397 et
334 3355 451 3403 secutus:
471 3349 544 3397 cuius
560 3349 623 3398 haee
636 3349 716 3398 uerba
735 3359 807 3400 sunt:
827 3350 894 3399 ubi'
915 3365 938 3398 e.
953 3365 978 3412 q.
995 3365 1016 3398 s.
1088 3349 1126 3398 IX
1144 3349 1292 3398 Lactantius

179 3417 238 3468 Diu.
255 3417 316 3466 lnst.
330 3418 341 3465 Ι
354 3433 376 3466 o.
395 3417 424 3467 ll
446 3418 487 3467 ‘in
501 3416 610 3483 Olympo
632 3426 717 3470 autem
730 3421 817 3470 luuem
831 3418 962 3469 habitasse
978 3418 1052 3468 docet
1072 3417 1182 3469 historia
1202 3418 1291 3468 eadem

178 3527 391 3540 ...—-——

221 3597 257 3652 bl
277 3591 353 3666 quod
369 3609 443 3648 nuno
465 3607 517 3646 nos
533 3593 709 3649 nominamus
724 3595 788 3649 libri
798 3595 936 3665 plerique.
960 3593 1037 3664 quod
1058 3593 1219 3648 nominatur
1242 3579 1291 3647 orl-

179 3667 270 3754 ρανός
287 3677 350 3734 erlrl.
366 3679 431 3748 aliq.
525 3676 608 3731 Varis
628 3678 739 3732 inorme
758 3695 813 3733 non
827 3680 909 3748 poteri
925 3677 992 3732 mehr·
1004 3677 1182 3749 persimilem
1195 3683 1246 3732 uret
1258 3674 1291 3729 ob

177 3763 321 3820 Luctuutio
342 3768 391 3818 utel
410 3760 446 3814 ob
465 3775 496 3816 eo
516 3775 596 3832 quem
617 3763 641 3816 is
666 3769 806 3818 erectorem
829 3764 952 3833 sequitur
968 3763 1110 3833 proximu
1126 3763 1290 3834 praeposito
1382 3801 1383 3835 p

176 3847 275 3922 pitisso.
291 3847 318 3902 in
334 3863 389 3918 quo
406 3846 468 3900 loeo
485 3847 621 3916 suspexit,
638 3846 721 3917 idque
737 3847 813 3918 quod
828 3862 915 3916 supra
928 3845 1051 3901 mundus
1067 3851 1135 3911 erat,
1158 3845 1289 3916 quodque

179 3932 275 3988 aether
307 3931 459 3987 uocabatur
488 3946 610 4000 precans
637 3931 757 4001 primurn
784 3932 893 3986 eaelum
919 3931 1074 3986 nominauit
1103 3930 1251 3985 Cloconius

221 4015 482 4088 lbuooaturtorlpo
566 4019 601 4074 39
623 4016 668 4070 ubi
690 4015 977 4087 ‘libriquomplurr'mr'
994 4019 1148 4086 merquos
1165 4019 1288 4069 euntue-
1381 4085 1382 4092 ἵ

178 4103 285 4158 ter-erim
302 4107 329 4158 et
350 4100 460 4172 optimi,
487 4099 523 4155 ibi
544 4100 610 4170 reliq.
636 4097 700 4154 edel.
723 4107 750 4155 et
768 4099 845 4168 erld„
867 4100 1090 4170 eritpleraeque
1113 4098 1176 4152 eelrl.
1265 4098 1290 4151 in
1381 4103 1382 4136 ἒ

178 4187 279 4242 insulis
304 4201 359 4242 ont.
375 4183 503 4258 plerique
521 4183 585 4240 libri
672 4187 709 4242 40
734 4181 890 4240 seeundum
910 4184 1039 4254 plerique
1059 4188 1086 4238 et
1104 4183 1201 4254 optimi
1221 4181 1289 4236 libri
1380 4255 1381 4260 η

180 4287 264 4328 secus
282 4271 346 4342 eliu.
361 4269 425 4324 cdo.
443 4273 470 4324 et
483 4268 545 4324 erltl.
