2772 4946
226 379 299 428 xcn
623 373 938 441 QVAESTIONES

226 536 389 596 ostendunt.
433 534 490 594 Vel
515 535 590 596 haeo
619 524 689 608 τους
708 539 765 614 μῦς
786 529 880 609 Αἶνος
905 537 963 617 ἔχει
988 531 1146 618 μεγάλους,
1170 526 1286 616 boresio
1301 531 1322 594 θ’

172 629 176 638 ’
217 630 356 721 Ἀβυδος,
381 633 438 712 Τὰς
460 632 586 720 ἄρκτους
602 633 731 719 Πάριον,
754 633 823 716 τοὺς
844 641 877 703 db
897 637 999 716 ιιτένιις
1020 637 1040 722 ἡ
1062 637 1236 722 Μιτυλήνη,
1255 643 1326 701 Πλεί-

225 765 311 818 στους
336 736 365 805 d'
386 734 551 826 Ἀμβρακία
583 739 704 825 παρέχει
729 765 792 807 cum
815 748 859 808 his
881 748 1019 809 Ennianis
1043 765 1203 828 compone:
1248 766 1327 806 mures

224 858 389 926 seutdom,
413 859 503 928 spissa
523 865 615 914 ostreo
637 859 763 928 plurimo
784 859 885 932 Abydi,
908 859 961 915 Est
972 867 1073 932 pecten
1094 859 1248 933 Mitylenae
1266 871 1290 911 e.
1304 869 1326 928 q.

226 975 251 1016 ι.
278 966 307 1016 el
329 949 466 1018 πώλυποι
486 956 520 1018 lv
540 979 570 1018 ιε
593 956 683 1041 Θάσῳ
703 958 871 1044 calliopio
894 960 968 1020 εἰσὶν
989 956 1104 1040 ἄριστοι
1120 959 1179 1020 Kal
1202 953 1329 1038 Κέρκυρα

225 1055 324 1141 τρέφει
345 1054 471 1136 πολλοὺς
497 1058 641 1144 μεγάλους
663 1084 693 1124 τι
720 1055 752 1126 τὸ
772 1068 890 1144 πλῆθος
914 1083 978 1125 cum
998 1065 1098 1125 Ennii:
1125 1070 1251 1140 polypos
1272 1067 1328 1122 Cor·

226 1189 329 1246 cyrae,
353 1173 480 1229 colatorio
499 1175 613 1245 pinquic
632 1189 777 1246 coaonae,
800 1175 937 1248 Purpura
963 1176 1091 1230 murincli
1110 1189 1224 1241 murex,
1247 1173 1329 1227 dulces

226 1293 332 1350 quoque
361 1279 458 1334 echini.
502 1267 547 1334 De
575 1274 678 1334 linibus
708 1283 803 1332 autem
831 1293 866 1334 ac
901 1276 1023 1336 consilio
1054 1275 1187 1334 carminis
1219 1272 1329 1334 Enniani

226 1381 295 1440 nihil
319 1382 389 1441 licet
411 1400 448 1441 ex
470 1398 526 1441 uno
548 1381 626 1459 quod
656 1379 819 1459 Appuleius
841 1381 956 1441 tradidit
979 1383 1141 1459 fragmento
1167 1380 1327 1456 conligere:

227 1505 282 1546 nec
308 1487 377 1546 illud
404 1486 595 1547 confidentius
621 1486 792 1546 adfirmarim
821 1495 931 1563 partem
956 1497 1115 1548 saturarum
1145 1507 1232 1562 esse,
1270 1485 1329 1542 licet

226 1591 321 1651 Varro
344 1593 371 1651 in
390 1595 494 1652 saturis
516 1591 583 1672 περὶ
604 1585 769 1669 ἐδεσμάτων
792 1593 891 1668 egisse
912 1594 1050 1654 iradetur.
1095 1595 1133 1654 At
1157 1611 1263 1652 uersus
1281 1589 1328 1648 En·

227 1700 303 1757 niani
324 1698 507 1758 multifariam
530 1717 564 1758 ac
588 1696 676 1757 foede
699 1714 761 1756 com
784 1695 966 1758 librariorum
988 1701 1096 1760 incuria
1119 1709 1177 1760 turn
1201 1695 1328 1758 socordia

227 1804 369 1864 editorum
392 1804 542 1883 depransti
571 1802 864 1864 circumferebantur:
896 1804 1082 1882 quiquidem
1107 1805 1268 1883 quamlibet
1286 1802 1328 1861 he·

225 1920 421 1970 xametrornm
442 1909 598 1984 licentiam,
628 1911 709 1968 cuius
729 1907 798 1968 alibi
826 1927 881 1969 nec
902 1910 969 1970 nola
994 1929 1050 1970 nec
1071 1911 1229 1988 uestigium
1251 1909 1327 1986 adpa-

225 2017 325 2092 rebat,
343 2016 388 2076 his
409 2014 543 2076 uersibus
566 2016 732 2075 concedere
755 2031 811 2074 non
832 2014 1005 2076 dubitarunt.
1051 2017 1143 2090 Quam
1165 2034 1224 2094 ego
1249 2017 1327 2074 licen·

226 2124 292 2184 tiam
315 2141 429 2183 omnem
452 2122 551 2199 expuli
575 2120 771 2197 confidenter,
807 2122 882 2181 adeo
914 2141 950 2182 ne
972 2124 1120 2183 audaciam
1142 2122 1260 2200 quidem
1284 2119 1326 2177 ali·

226 2247 310 2308 quarn
346 2246 410 2289 oum
444 2229 555 2288 ratione
582 2227 736 2288 adhibitam
773 2228 983 2288 reformidans:
1019 2229 1047 2286 in
1081 2244 1138 2305 quo
1171 2245 1280 2286 uereor
1303 2231 1327 2280 nt

227 2351 372 2413 prospere
397 2335 489 2392 omnis
513 2333 581 2393 mihi
609 2334 771 2394 emendatio
796 2336 936 2394 cesserit:
965 2333 1051 2392 modo
1081 2332 1151 2393 illud
1174 2332 1324 2400 effecerim,
1370 2343 1371 2412 i

228 2449 258 2500 ut
279 2459 315 2500 ne
339 2442 402 2518 quis
424 2439 473 2500 illa
496 2449 576 2500 certa
603 2448 690 2517 atque
713 2441 819 2502 intacta
842 2440 1002 2519 praedicet.

672 2690 798 2752 GAPVT
819 2691 888 2753 Vlll

310 2861 431 2924 Restant
454 2861 510 2921 duo
531 2859 597 2920 libri
619 2860 756 2937 Enniani,
782 2862 818 2922 de
841 2859 944 2938 quibus
965 2859 1136 2920 breuissime
1159 2872 1324 2938 expromere

225 2969 396 3030 sententiam
424 2967 532 3046 placet.
583 2965 833 3044 Epicharmus
855 2967 934 3044 (nam
969 2967 992 3024 is
1016 2975 1061 3025 est
1082 2967 1157 3026 alter
1178 2981 1277 3024 eorum
1299 2960 1325 3019 li·

226 3075 358 3153 brorum)
382 3076 437 3134 iam
459 3072 581 3132 dubitari
603 3074 703 3149 nequit
725 3075 792 3151 quin
815 3091 871 3132 uno
897 3081 989 3132 metro
1013 3072 1164 3132 trochaico
1187 3069 1325 3150 perscrip-

226 3189 271 3240 tus
304 3180 406 3254 fuerit,
443 3196 506 3238 corn
541 3187 571 3237 et
601 3195 702 3238 omnes
732 3181 780 3257 qui
811 3181 933 3240 citantur
966 3197 1003 3238 ex
1030 3176 1204 3257 Epicharmo
1233 3189 1325 3235 uersus

225 3287 301 3347 huno
315 3301 462 3344 numerum
479 3285 610 3361 prodant,
630 3294 658 3344 ot
678 3301 821 3361 eosquos
839 3285 907 3344 olim
925 3284 972 3343 hic
987 3281 1229 3342 circumferebant
1247 3281 1325 3340 hena·

225 3400 334 3452 metros
360 3389 444 3449 nobis
462 3391 693 3468 persuaserimns
712 3409 749 3449 ex
765 3390 906 3450 annalium
922 3389 1044 3448 exordio
1063 3388 1233 3466 desumptos
1251 3401 1326 3445 esse:

227 3498 264 3558 cf.
288 3515 317 3576 p.
345 3494 428 3556 XXll
456 3514 501 3574 sq.
547 3496 606 3556 Sed
635 3498 678 3556 eis
705 3497 823 3556 remotis
852 3514 888 3555 eo
914 3494 1060 3555 difficilius
1092 3502 1137 3552 cst
1166 3491 1202 3550 de
1236 3486 1325 3550 indole

226 3603 360 3664 carminis
383 3601 478 3679 deque
508 3617 543 3660 ea
571 3601 699 3676 ratione,
728 3620 802 3680 quae
830 3600 951 3660 Ennium
978 3601 1053 3659 inter
1078 3607 1108 3657 et
1131 3596 1327 3676 Epicharmum

122 3734 124 3738 ’
227 3709 443 3782 intercesserit,
467 3707 606 3766 iudicare.
651 3705 723 3765 Nam
744 3708 821 3786 quod
843 3707 964 3767 Ennium
987 3705 1049 3764 siue
1066 3703 1200 3781 dispersa
1223 3703 1251 3761 in
1266 3700 1326 3778 Epi·

226 3813 334 3874 charmi
356 3812 516 3874 comoediis
535 3810 711 3889 philosophe
742 3811 818 3872 diota
845 3811 1020 3890 compilasse
1048 3811 1111 3868 siue
1141 3808 1176 3869 ab
1201 3808 1267 3868 aliis
1292 3807 1326 3863 in-

226 3901 351 3979 stitutam
389 3916 643 3996 Epicharmearum
677 3918 882 3976 sententiarum
919 3917 1134 3976 conlectionem
1166 3912 1326 3974 adhibuisse

226 4023 290 4082 siue
313 4023 437 4102 denique
457 4022 631 4100 singularem
652 4020 817 4099 Epicharmi
842 4021 908 4102 scopi
939 4017 1054 4098 φύσεως
1076 4019 1180 4079 librum
1209 4034 1324 4079 conuer-

225 4129 296 4188 tisse
318 4129 447 4189 arbitrati
480 4138 561 4203 sunt,
595 4144 695 4186 eorum
732 4128 799 4188 nihil
827 4134 871 4188 est
911 4124 988 4202 quod
1020 4126 1118 4202 aliquo
1146 4124 1325 4203 reliquiarum

226 4235 351 4298 adsensu
367 4235 584 4313 comprobetur.
620 4232 658 4292 At
671 4231 780 4292 Ennius
800 4233 884 4292 etiam
900 4233 923 4290 si
939 4231 1082 4310 quaedam
1102 4231 1138 4292 ab
1154 4227 1323 4307 Epicharmo
