2770 4946
458 455 463 472 ἱ
496 367 741 438 nnnrovmn
1116 364 1178 430 tna

596 533 645 606 1v

166 639 269 710 Duxil
286 660 338 708 me
356 659 495 709 uxorem
514 637 693 808 liherqyrum
716 639 778 708 sthi
801 638 1026 732 quaesendum
1046 641 1164 732 gralia.

166 843 251 936 'Ego
268 865 360 914 meae
376 867 452 916 cum
466 843 555 914 uitae
573 865 717 936 paream,
739 842 839 915 letum
859 843 989 914 inimico
1009 843 1177 936 de'preoer.

509 1048 734 1142 Cresphontes

166 1149 248 1220 llho
271 1153 322 1236 lu,
351 1152 400 1236 di,
429 1154 548 1246 quibus
572 1153 624 1224 e'sl
643 1155 793 1245 poteslas
811 1151 921 1220 molus
939 1171 1097 1244 superum
1122 1162 1178 1225 ai·

726 1277 789 1347 que
810 1255 960 1339 inferum,

128 1429 133 1440 ,
167 1355 286 1424 Pacem
308 1356 393 1427 inter
412 1355 489 1426 sese
512 1356 700 1443 conciliant,
729 1359 903 1429 conferunt
924 1358 1142 1430 concordiam.

79 1571 140 1631 165
169 1613 473 1635 .......
512 1459 819 1656 [lideriiildpileram
839 1562 965 1634 socium
988 1562 1152 1636 dduoeanl

491 1697 507 1734 1
732 1697 748 1736 ’l‘

611 1755 627 1792 e

169 1885 426 1904 .....
480 1838 559 1905 eunt
580 1835 622 1905 ad
642 1835 783 1921 fontem,
813 1833 951 1904 nitidant
968 1834 1110 1926 corpora

63 2016 154 2067 Bamh.
166 2017 184 2066 h
197 2017 284 2068 Tross.
301 2017 361 2071 Tur.
433 2019 469 2068 ab
489 2020 702 2070 incommodis
722 2015 825 2080 Tross.)
861 2017 914 2066 ‘Ex
928 2016 1039 2082 simplici
1054 2027 1126 2084 porte
1139 2033 1179 2070 re-

65 2087 267 2152 prehendentur,
290 2088 313 2136 si
330 2102 362 2138 ex
376 2088 473 2155 duplici
488 2089 650 2140 conclusione
671 2089 790 2140 alterutra
804 2102 864 2153 pars
878 2085 1001 2147 diluetur,
1025 2087 1073 2138 hoc
1087 2088 1177 2140 modo:

65 2172 131 2205 nam
152 2157 180 2205 si
194 2157 365 2222 inprobum
437 2159 579 2226 nuptiis?
596 2185 632 2196 -
648 2159 732 2210 Duxi
747 2158 883 2223 probum
898 2153 982 2221 [1101
1013 2157 1080 2224 Ergo
1092 2173 1178 2224 repre-

65 2227 154 2276 hensio
175 2225 340 2277 huiusmodi
359 2228 530 2278 conclusionis
550 2228 647 2294 duplex
663 2237 713 2278 est:
741 2227 840 2276 acutior
858 2226 903 2276 illa
922 2227 1052 2290 superior,
1078 2227 1179 2278 lucilior

65 2296 127 2345 haec
148 2297 276 2362 posterior
291 2297 325 2347 ad
341 2298 557 2364 excogitandum.¹
590 2299 654 2348 Tres
670 2299 729 2348 illos
745 2312 848 2347 uersus:
870 2296 960 2345 nullo
973 2312 995 2346 e.
1010 2313 1036 2360 q.
1051 2311 1071 2345 s.
1093 2296 1178 2348 rheto-

65 2367 112 2424 ris,
132 2381 183 2416 non
195 2366 271 2416 Ennii
288 2382 345 2416 esse
355 2366 384 2417 0.
395 2367 551 2418 Ribbeekius
564 2367 642 2418 uidit:
662 2368 757 2418 relicua
772 2367 805 2417 ad
818 2366 894 2416 Ennii
906 2365 1089 2431 Cresphontem
1101 2369 1180 2433 perti-

65 2451 122 2484 nere
140 2435 203 2485 olim
222 2436 377 2487 intellectum
400 2445 438 2487 est
507 2439 541 2487 lV
560 2437 650 2488 Festus
671 2453 697 2503 p.
711 2437 762 2488 258
773 2437 806 2488 Μ.
834 2441 1005 2500 ‘quaesere
1022 2439 1126 2503 ponitur
1146 2438 1177 2488 ab

64 2506 175 2568 antiquio
197 2520 243 2571 pro
266 2522 400 2570 quaerere,
428 2515 456 2556 ut
478 2517 517 2558 est
538 2508 608 2574 opud
631 2509 740 2557 Ennium
760 2533 794 2544 -
819 2514 843 2556 et
864 2507 891 2555 in
910 2504 1067 2571 chresponte
1091 2509 1142 2556 ...⁹

97 2575 120 2623 V
145 2573 243 2625 Gellius
256 2577 290 2625 Vl
308 2577 339 2628 11
357 2574 551 2643 (deprecor)
572 2577 713 2644 ‘significat
727 2577 803 2642 abigo
817 2583 841 2624 et
853 2574 973 2634 amolior,
990 2575 1034 2625 uel
1046 2591 1122 2642 prece
1133 2577 1179 2627 ad-

64 2643 144 2693 hibita
154 2646 197 2694 uel
209 2660 258 2709 quo
269 2646 319 2696 alio
331 2647 416 2697 modo.
427 2648 488 2696 ltem
499 2647 595 2698 Ennius
608 2648 633 2696 in
644 2647 800 2713 Cresphonte
811 2683 816 2694 .
826 2682 832 2693 .
842 2646 861 2692 .’
882 2643 921 2694 ct.
932 2658 990 2696 ann.
1000 2646 1032 2694 Vl
1043 2644 1075 2695 lr.
1083 2644 1143 2695 Xlll

97 2715 131 2762 Vl
151 2714 227 2767 llhet.
243 2716 275 2765 ad
287 2717 441 2766 Herennium
456 2718 531 2777 1121,
545 2715 580 2766 39
599 2717 673 2767 ‘item
687 2717 808 2766 uitiosum
820 2721 867 2775 est,
882 2729 939 2763 curn
953 2713 980 2764 id
994 2728 1041 2780 pro
1055 2723 1123 2766 certo
1137 2731 1179 2764 su-

66 2785 154 2842 mitur,
173 2787 249 2848 quasi
265 2786 329 2836 iuter
345 2801 432 2836 omnes
446 2794 555 2844 constet,
575 2786 732 2849 quodetiam
753 2785 860 2834 nuncin
876 2785 1050 2836 controuersia
1061 2793 1112 2843 est,
1131 2785 1179 2835 hoo

65 2854 153 2903 modo:
172 2854 234 2905 eho'
255 2870 277 2905 e.
292 2872 316 2919 q.
333 2871 353 2905 s.
379 2855 458 2906 ‘Nem
471 2857 507 2906 ita
521 2870 567 2922 pro
582 2871 629 2906 suc
643 2857 697 2906 iure
711 2855 759 2905 hoe
773 2853 891 2919 exemplo
907 2869 982 2904 usum
997 2853 1179 2920 Cresphontem

65 2923 159 2973 Ennius
183 2925 299 2985 induxit,
328 2926 401 2988 quusi
419 2927 470 2975 iam
492 2927 555 2975 satis
573 2925 649 2975 certis
668 2925 809 2974 rationibus
831 2924 866 2972 ita
886 2939 943 2974 esse
962 2923 1178 2974 demonstrasset!

65 2991 358 3058 (thesprotumPar.
376 2995 464 3045 Bamh.
482 2993 1180 3059 1111111111.ιιιηεροιιιειῃθιωωιηι-

65 3071 194 3126 pontem
209 3062 294 3130 Opitz.
310 3063 538 3131 chrespontum
552 3063 615 3114 Fris.
630 3064 852 3129 tesprotheum
866 3060 942 3127 Tur.)
956 3063 1043 3115 Cicero
1057 3066 1089 3116 de
1102 3066 1179 3114 inu.l

65 3131 104 3200 49,
121 3132 153 3183 91
178 3139 384 3183 ‘controuersum
404 3143 454 3194 est,
475 3136 500 3184 in
518 3149 568 3197 quo
585 3135 618 3184 ad
637 3134 741 3183 dubium
761 3133 985 3183 demonstrandum
1006 3135 1085 3186 dubio
1103 3150 1181 3186 cause

66 3201 193 3261 adfertur,
217 3201 266 3252 hoc
287 3204 374 3253 modo:
403 3205 462 3254 eho'
486 3222 508 3255 e.
528 3218 592 3266 qs.
665 3205 710 3252 Vll
729 3201 1179 3268 Noniusp,144‚14‘nittocnt,

104 3349 156 3404 161
177 3343 258 3400 duxit
272 3341 439 3400 Semuemus.
464 3343 539 3401 ducit
560 3346 622 3403 cod.
709 3350 759 3404 162
781 3363 861 3401 meae
884 3361 948 3400 cum
970 3346 1095 3402 Bothr'us.
1116 3362 1179 3401 eum

66 3445 143 3484 ureae
158 3428 223 3484 11111
307 3426 409 3500 depcer
431 3429 492 3485 Vot.
508 3430 646 3502 deprecor
661 3431 741 3502 11190
828 3434 879 3489 113
893 3431 946 3486 eho
963 3436 992 3484 tu
1008 3429 1035 3484 di
1052 3432 1112 3498 (uel
1126 3431 1180 3492 diit

68 3516 164 3583 quibus
185 3519 229 3569 esi
241 3515 341 3586 priore
354 3515 412 3570 loco
427 3514 502 3570 nro.
520 3515 613 3572 Tross.
630 3515 698 3570 Tur.
714 3515 812 3570 Bamh.
828 3515 844 3568 1
861 3514 957 3586 Opus,
975 3515 1062 3570 altero
1077 3529 1180 3570 omues.

69 3598 164 3656 studiis
180 3615 247 3656 esse
260 3597 332 3653 Por.
345 3615 381 3654 m.
390 3616 441 3672 pr.
457 3600 558 3656 studiis
572 3594 589 3655 ὃ
610 3599 738 3656 Wuerzb.
755 3599 839 3655 studii
854 3600 954 3670 quihus
968 3605 1012 3654 est
1027 3598 1094 3670 Erf.
1112 3599 1181 3654 nihil

70 3682 149 3740 studii
170 3701 236 3740 esse
251 3683 352 3739 Bamh.
368 3701 386 3738 o
408 3690 433 3738 el
449 3684 568 3741 111111
583 3702 636 3757 mq.
652 3685 691 3739 nil
706 3691 734 3739 tu
750 3685 788 3740 dii
804 3701 868 3740 esse
885 3683 956 3738 Por.
970 3699 1046 3739 corr.
1131 3701 1180 3754 po-

70 3772 149 3826 testas
172 3775 265 3824 motus
281 3771 381 3840 priore
393 3769 452 3825 loco
471 3769 538 3825 Tor.
554 3769 652 3824 Bamh.
668 3769 684 3822 1
700 3768 799 3841 Opr'tz„
823 3769 910 3825 altero
925 3783 1028 3824 omues.
1055 3774 1180 3839 potestas

71 3851 141 3910 Fris.
161 3860 288 3926 potestas
307 3859 355 3910 aut
371 3860 462 3909 motus
480 3855 574 3910 Troos.
595 3859 688 3926 potest
710 3859 757 3909 aut
774 3860 879 3908 motum
899 3853 970 3908 Por.
991 3869 1028 3907 m.
1040 3869 1092 3924 pr.
1111 3853 1178 3926 Erf.

71 3943 157 4006 potesl
168 3944 197 3994 at
208 3945 313 3993 molum
330 3938 458 3996 Wuerzh.
471 3945 564 4010 potest
575 3944 622 3996 aui
633 3937 801 3994 motusPor.
815 3937 1016 3993 corr.Bomh.o
1029 3943 1056 3992 et
1065 3937 1140 3993 Fris.
1153 3940 1181 3992 in

71 4037 119 4092 mq-
203 4029 256 4083 164
269 4039 369 4094 pacem
385 4024 456 4078 inter
465 4026 565 4096 priore
576 4025 634 4080 loco
645 4022 745 4079 Bamh.
757 4023 772 4077 1
788 4022 882 4080 Troos.
900 4021 968 4078 Tur.
982 4022 1058 4078 Fris.
1073 4037 1109 4076 m.
1120 4039 1179 4093 pr..

72 4105 152 4164 allero
166 4123 267 4166 omnes.
290 4124 390 4180 paoem
412 4109 487 4162 enim
503 4109 573 4163 inter
589 4107 658 4164 Par.
674 4108 774 4162 Bamh.
789 4124 808 4161 o
831 4107 898 4179 Ers.
913 4106 989 4163 Fris.
1011 4122 1087 4162 corr.
1109 4123 1179 4177 paee

73 4190 142 4245 enim
157 4195 227 4248 inter
252 4193 380 4249 Wuerzb.
467 4210 498 4248 se
513 4192 611 4248 Bamh.
630 4191 645 4245 1
666 4191 742 4246 liis.
828 4197 879 4252 165
901 4208 917 4246 0
936 4193 1063 4262 piceam
1083 4205 1179 4246 secum

74 4273 206 4334 aduocant
216 4277 281 4334 riori
364 4283 415 4340 161
429 4278 533 4333 iontem
545 4277 607 4332 edd.
621 4278 719 4332 lortem
729 4277 801 4332 11111.
814 4282 880 4331 eunt
891 4275 929 4331 ad
939 4278 1052 4344 iontem,
1064 4277 1182 4332 nitidant
