2752 4944
516 1113 676 1196 LIBER
706 1111 722 1192 l

597 1319 610 1388 Ι
624 1317 640 1354 tl

164 1437 275 1507 Varro
298 1438 340 1507 de
363 1461 399 1508 re
422 1437 546 1508 rustica
570 1437 583 1506 l
606 1447 634 1522 1,
653 1449 673 1506 4
695 1441 745 1506 ‘el
769 1439 924 1531 quoniam
946 1442 982 1508 ut
1006 1439 1096 1508 aiunl
1118 1439 1169 1509 dei

55 1542 219 1610 facientes
240 1542 412 1628 adiuuant,
435 1541 528 1634 prius
551 1541 713 1610 inuocabo
733 1564 793 1612 eus
815 1565 888 1611 uec
912 1547 953 1612 ut
970 1542 1171 1612 Homerus

55 1649 96 1714 et
118 1645 282 1714 Ennius
305 1647 444 1716 Musas
465 1645 524 1714 sed
546 1644 606 1714 Xll
625 1645 708 1714 deos
731 1646 919 1716 consentis?

586 1781 614 1850 ll
628 1781 644 1818 *

165 1898 281 1970 Musae
301 1853 386 1992 quae
404 1899 544 1990 pedibus
561 1922 719 1993 maguum
737 1900 876 1992 pulsatis
895 1897 1061 1989 Olimpum

568 2035 610 2106 ΠΙ
624 2035 664 2072 *ιι
766 2025 768 2032 “

164 2153 278 2223 Musas
297 2177 380 2248 quas
400 2153 479 2245 Graj
501 2161 699 2242 memorant,
727 2177 789 2225 nos
809 2155 1045 2226 Casmeuarum

596 2294 644 2364 lV

164 2410 268 2480 Latos
285 2433 345 2501 per
361 2411 506 2502 populos
525 2417 698 2506 terrasque
720 2417 874 2505 poemata
894 2415 1009 2482 nostra

165 2512 263 2584 Clara
282 2514 446 2584 eluebant.

92 2714 214 2762 Lraattl
250 2714 274 2762 ll
296 2715 377 2764 Varro
397 2715 429 2764 de
448 2715 477 2764 L.
499 2715 528 2764 L.
547 2717 596 2766 Vll
617 2717 652 2768 20
674 2717 708 2766 M.
738 2718 832 2768 ‘Euuit
861 2714 1033 2782 Areopagitae
1055 2709 1172 2774 quidem'

58 2798 80 2830 e.
92 2801 120 2845 q.
137 2799 159 2830 s.
182 2783 296 2831 ‘Musae'
313 2801 335 2832 e.
352 2800 376 2846 q.
394 2799 414 2832 s.
437 2785 550 2836 ‘eaelum
564 2787 651 2835 dieunt
666 2787 755 2836 Graeci
770 2786 922 2852 Olympum,
946 2789 1058 2833 montem
1078 2782 1105 2829 in
1121 2779 1174 2828 Ma·
1227 2837 1233 2854 .

58 2853 170 2901 redonis
184 2853 284 2901 omues·
305 2869 327 2902 e.
345 2869 369 2915 q.
386 2869 408 2902 s.
434 2853 557 2919 (hermi
575 2857 632 2905 Par.
653 2857 679 2905 b.
703 2857 799 2905 Ennii
819 2852 910 2920 ceteri)
933 2853 1039 2903 Seruius
1060 2851 1085 2900 iu
1108 2850 1172 2900 Aen.

59 2921 167 2971 111660
190 2923 352 2986 ‘pulsantz
372 2924 469 2972 Ennius
488 2924 521 2972 ad
540 2925 639 2974 Musas:
661 2927 739 2988 quae'
759 2943 781 2976 e.
797 2943 821 2990 q.
837 2941 858 2975 s.
930 2925 966 2974 lll
991 2923 1072 2970 Varro
1094 2920 1126 2969 de
1143 2918 1172 2968 L.

59 2991 88 3039 L.
110 2993 161 3040 Vll
180 2993 215 3040 211
235 2991 270 3040 Μ.
295 2997 406 3040 ‘cornua
429 3007 444 3042 a
466 3008 573 3044 curuare
596 2995 680 3053 dieta,
713 2996 782 3057 quud
802 2995 924 3060 pleraque
945 3005 1031 3040 rurus.
1074 2987 1173 3038 Musas'

60 3077 81 3109 e.
99 3078 126 3124 q.
144 3076 167 3109 s.
194 3059 438 3111 ‘Casmeuarum
459 3064 573 3126 priscum
594 3065 747 3114 uocabulum
766 3065 801 3114 ita
819 3071 905 3114 uatum
930 3078 960 3112 ac
981 3061 1103 3125 scriptum
1122 3057 1173 3107 est⁰

60 3146 82 3178 e.
94 3147 122 3192 q.
135 3145 156 3179 s.
176 3129 396 3195 (camenarum
409 3131 476 3180 Flur.
493 3147 692 3182 camerarum
707 3133 846 3183 Goth.Par.
858 3149 882 3193 a,
897 3131 1038 3182 omllauu.
1054 3143 1174 3178 came-

59 3213 174 3249 narum
194 3200 251 3248 Par.
271 3197 302 3264 b)
326 3201 407 3250 Ennio
424 3199 540 3267 Scaliger
557 3204 661 3252 tribuit:
692 3219 749 3252 eum
769 3205 901 3268 superiore
925 3200 1056 3251 coniunxit
1077 3196 1175 3247 Merula

133 3270 169 3318 lV
186 3269 284 3318 Probus
297 3285 323 3334 p.
340 3271 404 3322 1401
417 3271 444 3319 P.
461 3271 509 3336 (57
523 3271 614 3337 Lind.)
631 3277 733 3322 ‘neutro
746 3289 839 3340 gauere
852 3274 878 3322 iu
891 3272 992 3321 casibus
1006 3265 1173 3334 supradietis·

60 3339 113 3405 (sc.
129 3353 200 3388 nom.
215 3346 239 3388 et
254 3337 323 3398 aee.)
342 3341 413 3389 ‘siue
427 3341 595 3407 ambiguitate
608 3343 695 3392 breuis
709 3345 761 3392 est’
777 3343 828 3410 (sa.
844 3357 859 3392 a
875 3339 972 3405 littera)
991 3338 1112 3389 ‘Graecis
1125 3337 1174 3386 La-

105 3522 122 3574 l
147 3531 228 3598 muse
242 3513 321 3571 Flur.
408 3514 549 3586 Olimpum
563 3515 643 3570 rtur.
660 3513 810 3587 Olympum
831 3515 917 3569 ceteri
935 3511 1083 3574 Varronis,
1107 3505 1174 3562 Ser-

60 3603 126 3655 aius
231 3605 249 3658 1
271 3615 368 3654 curua.
388 3599 484 3656 Musas
498 3615 568 3671 quas
580 3599 713 3672 Scaliger.
730 3615 879 3655 euruamus
896 3599 1051 3665 (curuanus
1062 3593 1175 3658 Pam)

62 3701 95 3738 aa
120 3687 163 3752 (at
177 3682 273 3738 Haun.
294 3684 332 3738 ad
346 3684 418 3739 Par.
434 3685 463 3754 b)
485 3701 556 3756 quas
577 3687 664 3756 (quae
685 3684 756 3739 Par.
771 3701 788 3738 a
803 3683 832 3750 b)
855 3682 925 3736 libra
950 3695 1047 3735 curua.
1076 3678 1174 3731 Musae

63 3785 135 3840 quas
155 3767 316 3840 Spengelius
400 3762 463 3841 Graj
487 3787 540 3825 am.
561 3769 632 3824 libm'.
652 3775 808 3824 memorant
828 3767 893 3822 Grai
915 3763 947 3822 0.
962 3763 1113 3818 Muellerus

106 3859 244 3908 memorat
257 3852 353 3909 flaua.
440 3871 492 3910 nos
514 3853 726 3924 Casmenarum]
748 3869 834 3908 nosce
860 3869 911 3906 nos
934 3853 965 3905 ee
989 3847 1068 3904 Flor.
1089 3861 1175 3900 nosue

63 3955 117 3993 nas
135 3955 200 3992 esse
217 3937 288 3992 Pur.
303 3956 321 3992 a
332 3938 357 3993 b.
376 3955 461 3996 nosse
480 3957 531 3994 nos
547 3955 611 3994 esse
629 3939 706 3996 Gora.
727 3955 812 3994 nosse
833 3953 897 3992 esse
912 3934 1007 3990 Haun.
1027 3931 1176 3988 Casmena-

62 4039 125 4078 rum
137 4023 202 4078 add.
211 4022 383 4096 Spengelr'us.
393 4040 445 4080 nos
454 4025 566 4079 nomine
575 4023 775 4080 Casmenarum
789 4021 988 4078 omaetteraa.
1005 4035 1057 4072 nos
1069 4017 1175 4071 ciamus

64 4125 113 4163 sas
128 4108 282 4164 Casmenas
300 4109 334 4162 Α.
348 4107 472 4165 Koclar'us
482 4109 590 4164 Exere.
606 4111 667 4164 erit.
683 4109 800 4164 Buanae
815 4112 882 4166 1851
897 4111 960 4176 μδ
1064 4108 1083 4162 3
1104 4102 1175 4155 laios

63 4209 115 4264 per
133 4195 256 4264 populos
277 4195 381 4266 serpsi
393 4210 456 4250 eum
470 4193 509 4250 Η.
524 4191 655 4267 Ilberpie.
682 4210 747 4248 nam
763 4194 834 4248 latos
848 4191 969 4264 populos
983 4185 1093 4244 Probus

64 4284 209 4348 terrasque
230 4277 269 4332 H.
284 4277 430 4351 Ilberpius.
450 4295 497 4336 res
517 4284 599 4350 atque
620 4277 730 4334 Probus
836 4282 855 4335 4
876 4278 952 4332 clara
972 4271 1012 4328 H.
1032 4269 1175 4345 [zaraim

926 4371 971 4434 1.
