2784 4940
503 345 586 402 ENN
594 345 668 402 IAN
676 345 729 402 ΑΕ
1129 355 1175 402 LV

59 509 145 582 (inc.
179 505 243 565 sed.
267 504 352 585 XLI)
375 507 585 585 praedicaret’.
631 507 846 568 Freinshemius
870 507 1020 586 Supplcm.
1044 508 1114 568 biuii
1134 509 1176 570 III

58 609 116 670 28:
143 611 185 670 of.
209 610 272 674 45.

418 855 421 862 ¹
523 778 649 841 onrvn
670 779 710 840 rv

149 946 223 1005 Res
242 947 396 1006 Punicas
415 947 524 1007 Ennius
539 947 631 1008 tribus
647 947 746 1025 libris,
768 950 882 1008 nisime
898 948 972 1008 Iallit
988 951 1104 1028 opimo,
1123 951 1173 1012 ab·

62 1052 172 1128 soluit,
204 1069 325 1130 quorum
354 1072 439 1112 unum
463 1056 491 1113 In
515 1056 623 1132 primo,
651 1055 726 1114 duos
750 1064 884 1114 octauum
904 1063 934 1114 et
953 1072 1057 1114 nonum
1077 1057 1104 1115 iu
1126 1075 1172 1117 se-

61 1159 159 1217 cundo
194 1157 275 1218 bello
307 1160 446 1236 inpendit.
491 1160 595 1239 Neque
624 1161 699 1220 enirn
730 1163 850 1239 primurn
879 1160 988 1220 bellum
1021 1163 1173 1239 praeteriit

61 1265 199 1340 omnino,
237 1272 268 1322 ut
296 1283 354 1324 non
383 1266 474 1344 potuit
502 1276 569 1345 apte
595 1274 652 1325 tam
685 1267 808 1346 amplam
840 1276 995 1345 tantaeque
1023 1268 1174 1344 grauitatis

60 1372 215 1430 materiam
239 1373 403 1447 praeterire
425 1373 596 1450 pracsertim
618 1372 646 1430 In
671 1374 797 1432 carmine
821 1380 982 1450 perpetuo,
1014 1372 1100 1450 quale
1125 1392 1173 1433 an-

61 1475 145 1535 nales
173 1475 266 1535 luisse
294 1475 342 1534 uel
371 1494 476 1536 nomen
503 1478 609 1536 Indicio
639 1486 694 1537 est.
739 1477 834 1537 Potuit
862 1479 891 1536 in
913 1478 970 1538 boc
991 1478 1072 1538 bello
1095 1497 1172 1538 oom-

61 1581 236 1659 pendiosius
266 1585 394 1658 uersari,
435 1593 465 1643 ut
493 1591 658 1662 exponeret
686 1601 734 1642 res
762 1584 932 1660 grauiores,
969 1585 1098 1645 leuiores
1126 1596 1174 1646 aut

64 1689 216 1746 omitteret
238 1695 286 1746 aut
305 1695 439 1767 quantum
458 1691 546 1750 nexui
564 1707 660 1748 rerum
682 1689 831 1748 seruiebat
850 1691 1077 1768 perstringeret:
1101 1709 1172 1771 quo·

63 1795 138 1852 niam
168 1795 197 1852 in
225 1810 262 1851 eo
290 1803 459 1870 argumento
492 1813 550 1854 nou
580 1796 617 1854 ita
649 1794 737 1853 multo
766 1804 832 1854 ante
861 1798 1016 1874 operosius
1045 1787 1172 1857 Naeuius

65 1899 244 1962 elaboraret.
280 1898 352 1958 Nam
371 1897 545 1960 Ciceronem
567 1919 624 1960 non
646 1909 716 1980 puto
739 1911 845 1961 tantum
866 1921 899 1963 re
917 1914 1068 1982 praestare
1085 1924 1172 1985 quan-

64 2013 121 2063 tum
143 2005 239 2064 uerbo
263 2004 348 2081 dicit,
376 2025 439 2065 cum
459 2005 582 2065 Ennium
603 2005 705 2066 Naeuii
728 2025 815 2068 causa
835 2009 948 2067 ‘omnia
970 2008 1048 2069 bella
1071 2028 1172 2087 perse-

66 2121 205 2188 quentem
238 2112 358 2190 prImum
391 2111 461 2172 illud
494 2113 629 2173 Punicum
659 2115 829 2173 acerrimum
862 2112 970 2172 bellum
998 2114 1171 2193 reliquisse'

67 2228 208 2278 memorat
230 2217 308 2276 Bruti
333 2217 388 2294 19,
411 2219 461 2279 76.
506 2215 593 2277 Cuius
613 2217 713 2277 uerbis
735 2220 783 2299 qui
805 2218 1014 2296 obtemperarit
1036 2229 1172 2280 accurate

66 2326 210 2384 nemiuem
225 2323 292 2382 noui
311 2329 430 2400 praeter
440 2322 627 2384 Niebuhrium
641 2325 669 2384 in
684 2325 794 2384 sobolis
810 2321 983 2384 academicis
1001 2324 1038 2384 de
1052 2323 1173 2385 historia

68 2429 196 2492 Romana
212 2429 226 2490 l
244 2429 295 2506 24,
312 2437 341 2487 et
353 2427 551 2508 obtemperari
569 2433 611 2490 eis
630 2440 729 2490 uetant
748 2430 822 2490 adeo
839 2429 980 2507 quaedam
995 2447 1069 2507 qnae
1086 2429 1173 2490 bodie

67 2555 157 2615 super
179 2545 244 2596 sunt
266 2537 436 2612 fragmenta.
475 2533 541 2594 Non
563 2536 628 2596 dico
652 2554 717 2596 eum
737 2553 852 2595 uersum
881 2551 938 2611 quo
966 2536 1029 2593 elne
1052 2535 1117 2594 libri
1138 2555 1173 2595 ac

69 2650 174 2720 poetae
192 2643 298 2702 indicio
316 2639 422 2700 Cicero
441 2640 477 2700 de
492 2642 549 2701 inu.
566 2642 579 2701 Ι
596 2643 649 2718 19,
667 2642 706 2710 27
728 2643 831 2702 utitur:
854 2643 962 2715 Appios
979 2644 1080 2698 indixit
1094 2641 1172 2697 Kar-

68 2753 279 2826 tbopiniensibas
293 2752 390 2806 bellam
408 2745 503 2824 (lv),
526 2748 705 2826 quiquidem
722 2750 746 2807 si
764 2746 848 2806 Ennii
868 2741 984 2804 cst'non
1003 2754 1101 2824 potest
1116 2763 1173 2805 non

70 2855 102 2914 ad
118 2857 240 2933 primurn
260 2850 369 2910 bellum
389 2851 524 2912 Punicum
546 2857 705 2932 pertinere.
727 2851 771 2914 CI.
790 2853 918 2912 Zonaras
934 2848 1002 2910 VIII
1022 2851 1040 2912 8
1068 2871 1095 2930 p.
1113 2851 1173 2912 132

71 2961 114 3020 ed.
140 2962 232 3020 Bonn.
256 2957 394 3033 Polybius
426 2957 439 3017 I
468 2957 506 3016 12
538 2969 567 3020 et
595 2959 766 3038 praesertim
788 2955 1009 3037 LiuiusXXXI
1040 2961 1064 3021 1.
1109 2958 1173 3020 Nec

71 3068 148 3126 nimis
173 3065 365 3124 obdurescam
392 3073 439 3122 aut
466 3064 493 3121 in
512 3064 549 3126 11.
572 3065 629 3143 VI,
654 3066 731 3146 quod
755 3065 810 3124 etsi
831 3082 869 3124 ex
891 3072 997 3122 octauo
1019 3063 1102 3126 Ennii
1124 3067 1172 3127 ad·

72 3172 159 3232 fertur
187 3169 320 3230 aNonio
348 3188 375 3248 p.
404 3169 479 3244 151,
507 3168 565 3247 25,
597 3173 665 3234 mibi
695 3172 810 3233 uixdum
841 3169 955 3229 dubium
985 3179 1030 3229 est
1059 3171 1127 3248 quIn
1157 3189 1173 3230 a

73 3277 179 3339 Ilcrula
201 3285 283 3337 recte
306 3276 334 3333 In
356 3275 431 3335 bunc
459 3275 563 3334 librum
593 3276 759 3336 translatum
782 3277 833 3334 sit:
864 3284 911 3335 aut
933 3277 961 3333 in
981 3275 1016 3340 ir.
1039 3275 1065 3334 V
1087 3275 1173 3353 Hugii

74 3381 228 3457 beneficio,
252 3400 316 3440 cum
334 3399 350 3440 a
366 3379 518 3441 Macrobio
542 3379 602 3439 Sat.
618 3378 659 3439 VI
678 3381 691 3438 1
714 3399 742 3458 p.
762 3381 824 3442 500·
839 3381 902 3440 Jan.
921 3389 1037 3442 esexto
1058 3383 1173 3457 citetur,

74 3484 134 3546 huic
162 3489 256 3548 annali
284 3489 428 3547 restituto.
473 3485 557 3558 Quod
584 3485 634 3545 illc
657 3485 771 3545 firmare
795 3486 886 3564 potuit
909 3485 957 3543 uel
980 3485 1037 3544 hoo
1059 3483 1173 3561 Polybii

76 3589 171 3652 locol
204 3593 259 3670 19,
279 3593 314 3652 2:
340 3581 499 3672 ἆναλαβῶν
526 3565 837 3670 (Hannonem'dicit)
866 3585 903 3649 τά
929 3610 959 3648 τε
985 3588 1079 3668 θηρία
1107 3587 1174 3669 περὶ

75 3691 249 3777 πεντήκοντα
279 3691 330 3759 τὸν
359 3687 491 3778 ἆροθμὸν
514 3689 584 3757 ὅντα
611 3694 661 3756 καὶ
689 3689 744 3774 τὴν
769 3685 877 3772 λοιπὴν
906 3685 1033 3771 δύναμιν
1055 3685 1174 3754 ἅπασαν

76 3807 179 3884 προῆγε
202 3797 278 3864 κατὰ
303 3806 438 3882 σπουδὴν
467 3801 500 3863 ἐκ
523 3805 575 3881 τῆς
594 3795 783 3882 Ἡρακλείας·
811 3798 1068 3881 παραγγείλας
1094 3803 1174 3871 τοῖς

77 3911 311 3987 Νομαδικοῖς
332 3910 489 3970 ἱππεῦσι
516 3902 828 3988 προπορεύεσθαι
853 3904 903 3966 καὶ
926 3903 1112 3984 συνεγγίσασι
1132 3907 1177 3990 cpi

78 4006 176 4093 χάρακι
197 4018 256 4076 τῶν
283 4013 424 4074 ἐναντίαν
447 4011 587 4094 ἐρεθίζειν
608 4010 659 4072 καλ
682 4015 844 4092 πειρᾶσθαι
868 4003 936 4082 τοὺς
958 4009 1055 4081 ίππεῖς
1076 4001 1174 4071 αὐτῶν

79 4114 275 4197 ἐκκαλεῖσθαι·
304 4115 428 4181 κᾶπειτα
448 4113 539 4179 πάλιν
561 4116 729 4180 ἕκκλίνασιν
751 4111 929 4199 ἀποχωρεῖν,
958 4113 1011 4188 ἕως
1033 4106 1072 4176 α’ίν
1093 4105 1176 4198 αὐτῷ

79 4225 240 4303 οομμίξιοοι.
277 4226 342 4299 Quo
363 4226 442 4284 nisus
461 4242 519 4302 ego
542 4225 577 4286 ad
599 4225 707 4284 Initium
725 4225 797 4284 belli
818 4225 916 4284 rettuli
934 4243 1066 4302 uersum,
1090 4242 1174 4303 quern
