2752 4944
211 344 336 394 LXXXII
606 333 923 403 QVAESTIONES

214 499 367 560 Atellanae
388 497 563 576 adligebant.
613 497 741 558 lsludus
757 497 794 557 ab
813 496 898 558 Oscis
916 498 1049 557 inuentus
1069 515 1134 556 cum
1152 498 1269 556 ceteris
1284 516 1325 556 re·

214 607 268 668 bus
282 605 441 666 consimilis
453 605 491 665 sit
507 614 634 678 catomo,
647 605 730 663 unius
746 613 840 664 tamen
853 604 974 664 actionis
990 603 1125 663 ambitum
1138 620 1200 660 non
1213 605 1325 680 migrat.

214 709 260 770 (ll.
273 709 370 772 binius
382 708 435 769 vtt
447 709 476 768 2.
499 709 597 770 Nihilo
609 709 701 768 minus
717 708 765 768 ubi
777 707 887 768 Romae
904 728 1029 787 regnare
1042 709 1229 770 Graecorum
1248 710 1325 770 labu-

214 817 261 878 lae
283 823 462 894 coeperunt,
484 826 600 877 saturae
621 823 650 876 et
676 812 830 874 Atellanae
852 816 946 894 primo
965 815 1171 891 neglegentius
1198 814 1325 883 habitae,

213 923 280 984 dein
302 927 480 982 euanuerunt
503 919 539 980 de
561 937 660 979 scena.
701 919 760 978 Sed
783 937 833 980 eas
854 931 959 998 postea
980 922 1124 999 ingeniosi
1150 928 1266 998 poetae
1293 939 1326 980 ex
1369 951 1370 954 κ

214 1029 363 1090 obliuione
393 1025 547 1086 suscitatas
570 1026 674 1085 litteris
700 1042 777 1086 nouo
806 1026 915 1086 decore
941 1029 1096 1088 instructas
1122 1026 1325 1087 reddiderunt.

214 1132 369 1194 Atellanae
389 1139 498 1190 sortem
519 1133 658 1208 persequi
681 1130 719 1190 nil
742 1132 860 1191 attinet:
889 1149 905 1189 e
928 1139 1024 1190 satura
1045 1140 1141 1191 autem
1163 1133 1221 1193 illa
1245 1133 1326 1193 Ennii

214 1247 311 1300 satura
331 1237 438 1316 prodiit
453 1235 625 1312 lectoribus,
647 1253 705 1296 aon
725 1253 833 1297 scenae
856 1237 959 1296 dicata.
1006 1237 1069 1310 Qua
1086 1257 1118 1297 re
1141 1239 1217 1298 licet
1241 1247 1326 1318 poeta
1369 1279 1370 1300 r

212 1344 377 1406 resecuerit
405 1341 546 1421 quaedam
570 1341 673 1420 quibus
700 1360 789 1402 scena
812 1359 869 1402 non
890 1350 1021 1418 careret,
1056 1347 1202 1422 originem
1234 1356 1326 1406 tamen

212 1450 359 1509 scenicam
377 1465 442 1508 oum
462 1446 547 1506 Ennii
570 1455 627 1506 tum
647 1449 841 1524 posteriorum
862 1448 963 1525 poesis
985 1451 1111 1508 saturica
1129 1451 1243 1528 prodit.
1274 1451 1325 1510 Vel
1369 1511 1370 1536 p

212 1555 409 1615 diuerbiorum
440 1553 621 1628 memineris,
652 1551 755 1630 quibus
786 1553 855 1613 nibil
881 1560 926 1612 est
953 1552 980 1610 io
1004 1561 1098 1614 satura
1127 1555 1323 1632 frequentius.

213 1659 309 1734 Quale
327 1657 399 1718 illud
421 1657 564 1735 estquod
585 1656 777 1730 Quintilianus
796 1655 837 1716 lX
858 1656 894 1732 2,
920 1656 960 1717 36
980 1659 1065 1718 tradit
1083 1658 1210 1719 Ennium
1234 1663 1262 1722 iu
1283 1681 1323 1720 sa·
1369 1659 1370 1668 ’

211 1773 276 1826 tura
297 1774 420 1824 mortem
447 1780 482 1822 ac
513 1765 599 1822 uitam
628 1762 839 1822 contendentes
861 1761 925 1833 (uel
951 1763 975 1820 si
1002 1763 1083 1823 libris
1104 1766 1220 1843 aliquot
1243 1768 1323 1827 iidem

212 1867 323 1928 habere
345 1865 428 1928 malis
456 1870 689 1948 consentientes)
720 1867 869 1926 induxisse
899 1867 971 1943 (inc.
996 1877 1049 1928 sat.
1075 1868 1141 1949 lll).
1189 1869 1321 1932 cosm.

212 1971 253 2032 lll
279 1973 315 2034 lr.
343 1972 365 2032 Ι.
389 1974 538 2035 ·ludidem
557 1973 667 2034 Ennius
693 1974 854 2049 argumenti
883 1990 918 2032 ac
946 1991 1128 2034 numerorum
1149 1980 1322 2037 uarietatem

212 2079 344 2157 repetiit:
368 2097 424 2159 qua
445 2098 511 2140 eum
528 2089 640 2140 saturas
660 2081 827 2140 distinxisse
838 2078 996 2140 Diomedes
1013 2088 1134 2140 testatur
1148 2081 1189 2141 lll
1210 2101 1240 2160 p.
1264 2081 1321 2144 482

212 2184 258 2244 R:
277 2195 376 2246 satura
396 2190 495 2246 dieitur
513 2206 627 2246 carmen
648 2193 725 2263 apstd
743 2192 898 2255 Romanoa,
921 2206 976 2244 non
998 2191 1076 2261 opud
1096 2191 1236 2261 Graecos,
1265 2211 1320 2247 ma-

212 2293 325 2348 ledicum
344 2300 370 2348 et
393 2296 432 2350 ad
450 2297 594 2368 carpenda
615 2296 751 2352 bominum
779 2297 845 2352 uitia
867 2293 1006 2350 arebaece
1028 2298 1183 2352 comoediae
1204 2299 1320 2354 eburac-

213 2404 270 2452 tere
290 2402 482 2470 amnpositmm
505 2403 586 2472 quale
605 2404 779 2474 seripserunt
799 2403 920 2458 Lucttha
942 2407 968 2456 et
988 2402 1123 2458 Horatius
1145 2413 1172 2460 et
1190 2406 1319 2462 Persius:

212 2508 243 2556 at
261 2504 322 2558 olim
344 2519 458 2560 carmen
480 2508 554 2578 quad
577 2523 592 2563 e
616 2509 705 2564 uariis
726 2507 898 2578 menachus
919 2510 1061 2564 constabat
1076 2516 1175 2566 achara
1196 2514 1318 2566 mmmc-

212 2609 307 2678 batur,
336 2611 418 2681 quale
443 2615 619 2685 scripserunt
639 2613 782 2669 Pacuuius
811 2617 838 2666 et
854 2611 977 2670 Ennius:
1006 2621 1035 2670 et
1056 2614 1125 2673 item
1143 2616 1263 2692 paulum
1281 2618 1319 2675 in·
1368 2620 1369 2676 l

211 2709 270 2768 ira:
291 2720 390 2772 actura
406 2719 534 2773 ceramina
555 2720 638 2774 multa
649 2720 732 2774 mmul
748 2726 773 2772 et
785 2721 916 2788 poemata
937 2725 1217 2796 comprehenduntur.
1261 2722 1319 2782 Nec

210 2825 307 2876 tamen
325 2815 445 2876 Ennium
473 2837 608 2880 numeros
638 2819 779 2880 credibile
816 2829 861 2880 est
893 2829 1004 2884 temere
1036 2827 1206 2886 miscuisse:
1238 2846 1316 2906 quem

212 2938 275 2979 cum
295 2923 427 2999 singulae
449 2935 581 3001 saturae,
605 2928 682 3004 quod
704 2926 862 2988 Diomedes
885 2928 1006 3004 indicat,
1030 2932 1230 3010 compluribus
1250 2939 1316 3012 poh-

211 3025 334 3090 matibus
366 3037 547 3106 constarent,
581 3050 765 3093 numerorum
792 3036 961 3095 uarietatem
987 3036 1052 3096 iere
1083 3039 1118 3098 ad
1148 3041 1315 3100 uarietatem

212 3137 375 3208 poematum
402 3137 516 3196 rexisse
546 3139 677 3216 putarim.
728 3140 808 3200 later
831 3140 969 3219 reliquias
995 3151 1155 3203 saturarum
1187 3155 1246 3206 tam
1270 3163 1315 3204 eas

211 3253 286 3313 quae
315 3238 382 3316 jude
416 3242 539 3302 citantur
570 3245 785 3324 disertequam
808 3263 883 3323 quae
910 3246 951 3305 ibi
974 3247 1119 3325 probabili
1150 3253 1314 3310 coniectura

211 3342 361 3404 conlocari
381 3347 531 3426 uidentur,
557 3370 622 3411 cum
644 3351 756 3412 iambici
777 3351 976 3430 trochaiciqne
999 3372 1103 3413 uersus
1126 3363 1184 3414 tum
1201 3355 1314 3416 Sotadei

210 3455 239 3506 et
251 3447 410 3512 hexametri
424 3453 561 3520 feruntur.
585 3458 680 3516 Variis
694 3465 788 3516 autem
801 3457 980 3518 matrissuae
996 3458 1122 3520 Lucilius
1137 3477 1258 3538 quoque
1275 3479 1313 3519 sa·

210 3562 287 3612 tures
302 3556 463 3634 inpertinit:
478 3563 531 3622 sed
545 3551 639 3622 tamen
653 3565 680 3622 ei
694 3571 854 3622 saturarum
867 3566 940 3640 parti
954 3583 1038 3643 quarn
1047 3567 1246 3644 posteriorem
1260 3566 1312 3625 edi·

209 3657 250 3718 ‹lit
269 3679 354 3721 unum
372 3663 606 3728 hexametrorum
620 3687 768 3728 numerum
788 3667 926 3728 adhibuit.
967 3668 1013 3729 Gi.
1034 3669 1234 3732 Lachmannus
1257 3671 1311 3732 lud.

210 3763 385 3827 lect.Berol.
398 3781 471 3830 aest.
485 3772 575 3834 1849.
594 3775 676 3836 Vnde
689 3782 795 3855 potitae
808 3776 990 3853 posteriores
1003 3774 1139 3836 Horatius
1148 3776 1311 3836 Persiualu·

211 3872 322 3932 uenalis
334 3891 391 3934 uon
405 3876 470 3936 aliis
482 3880 510 3937 in
524 3881 629 3940 saturis
642 3890 728 3958 atque
745 3880 845 3940 herois
861 3880 992 3940 uersibus
1009 3882 1052 3940 usi
1069 3891 1143 3940 sunt.
1170 3880 1253 3939 Vnus
1262 3877 1310 3936 Te·

210 3977 318 4038 rentius
329 3978 423 4040 Varro
435 3983 464 4040 in
477 3986 580 4044 saturis
592 3983 755 4065 Menippeis
773 4005 837 4046 cum
852 3987 1009 4047 Ennianum
1021 4001 1206 4047 numerorum
1224 3985 1309 4042 uarie-

210 4085 298 4140 tatem
313 4084 449 4163 referret,
463 4089 596 4150 uersibus
612 4091 686 4152 adeo
706 4093 873 4171 pedestrem
889 4094 1050 4154 orationem
1067 4092 1210 4169 aspersit:
1234 4089 1307 4150 cuius

211 4185 255 4242 rei
266 4199 368 4250 auctor
383 4203 427 4252 est
444 4193 634 4267 Quintilianus
649 4195 677 4256 X
692 4196 789 4274 1,93:
808 4208 906 4259 satura
921 4203 1027 4274 quidem
1042 4209 1097 4260 tota
1113 4208 1209 4258 noema
1224 4207 1269 4272 eat,
1283 4201 1308 4252 in
