<?xml version="1.0" encoding="UTF-8"?>
<!DOCTYPE html PUBLIC "-//W3C//DTD XHTML 1.0 Transitional//EN"
    "http://www.w3.org/TR/xhtml1/DTD/xhtml1-transitional.dtd">
<html xmlns="http://www.w3.org/1999/xhtml" xml:lang="en" lang="en">
 <head>
  <title>
</title>
<meta http-equiv="Content-Type" content="text/html;charset=utf-8" />
  <meta name='ocr-system' content='tesseract 3.04.00' />
  <meta name='ocr-capabilities' content='ocr_page ocr_carea ocr_par ocr_line ocrx_word'/>
</head>
<body>
  <div class='ocr_page' id='page_1' title='image "./ennianaepoesisr02ennigoog_0055.png"; bbox 0 0 2784 4940; ppageno 0'>
   <div class='ocr_carea' id='block_1_1' title="bbox 214 328 925 444">
    <p class='ocr_par' dir='ltr' id='par_1_1' title="bbox 214 321 1376 532">
     <span class='ocr_line' id='line_1_1' title="bbox 214 328 925 444; baseline -0.005 -10"><span class='ocrx_word' id='word_1_1' title='bbox 214 385 326 434; x_wconf 78' lang='lat' dir='ltr'><strong>novur</strong></span> <span class='ocrx_word' id='word_1_2' title='bbox 614 328 925 444; x_wconf 66' lang='lat' dir='ltr'><strong>QvnEsllONES</strong></span> 
     </span>
    </p>
   </div>
   <div class='ocr_carea' id='block_1_2' title="bbox 157 533 1383 4020">
    <p class='ocr_par' dir='ltr' id='par_1_2' title="bbox 157 533 1383 4020">
     <span class='ocr_line' id='line_1_2' title="bbox 214 533 1376 619; baseline -0.007 -16"><span class='ocrx_word' id='word_1_3' title='bbox 214 544 409 604; x_wconf 79' lang='lat' dir='ltr'><strong>narrationem</strong></span> <span class='ocrx_word' id='word_1_4' title='bbox 422 557 476 619; x_wconf 92' lang='lat' dir='ltr'><strong>per</strong></span> <span class='ocrx_word' id='word_1_5' title='bbox 488 538 536 599; x_wconf 89' lang='lat' dir='ltr'><strong>lila</strong></span> <span class='ocrx_word' id='word_1_6' title='bbox 548 539 691 616; x_wconf 88' lang='lat' dir='ltr'><strong>quaedam</strong></span> <span class='ocrx_word' id='word_1_7' title='bbox 703 547 840 598; x_wconf 79' lang='lat' dir='ltr'><strong>retexere</strong></span> <span class='ocrx_word' id='word_1_8' title='bbox 852 547 943 616; x_wconf 84' lang='lat' dir='ltr'><strong>atque</strong></span> <span class='ocrx_word' id='word_1_9' title='bbox 953 545 1059 616; x_wconf 90' lang='lat' dir='ltr'><strong>po&#39;e&#39;tae</strong></span> <span class='ocrx_word' id='word_1_10' title='bbox 1072 539 1127 596; x_wconf 91' lang='lat' dir='ltr'><strong>uim</strong></span> <span class='ocrx_word' id='word_1_11' title='bbox 1140 547 1170 598; x_wconf 91' lang='lat' dir='ltr'><strong>et</strong></span> <span class='ocrx_word' id='word_1_12' title='bbox 1180 539 1335 614; x_wconf 84' lang='lat' dir='ltr'>ingenium</span> <span class='ocrx_word' id='word_1_13' title='bbox 1375 533 1376 570; x_wconf 68' lang='lat' dir='ltr'><strong>l</strong></span> 
     </span>
     <span class='ocr_line' id='line_1_3' title="bbox 215 643 1335 724; baseline -0.007 -14"><span class='ocrx_word' id='word_1_14' title='bbox 215 651 324 710; x_wconf 88' lang='lat' dir='ltr'><strong>sentire</strong></span> <span class='ocrx_word' id='word_1_15' title='bbox 338 649 432 708; x_wconf 90' lang='lat' dir='ltr'><strong>sinunt</strong></span> <span class='ocrx_word' id='word_1_16' title='bbox 444 645 615 723; x_wconf 80' lang='lat' dir='ltr'><strong>fragmenta.</strong></span> <span class='ocrx_word' id='word_1_17' title='bbox 647 645 729 723; x_wconf 79' lang='lat' dir='ltr'><strong>Ergo</strong></span> <span class='ocrx_word' id='word_1_18' title='bbox 746 664 783 706; x_wconf 87' lang='lat' dir='ltr'><strong>en</strong></span> <span class='ocrx_word' id='word_1_19' title='bbox 796 663 870 722; x_wconf 89' lang='lat' dir='ltr'><strong>meo,</strong></span> <span class='ocrx_word' id='word_1_20' title='bbox 894 663 978 724; x_wconf 87' lang='lat' dir='ltr'><strong>quam</strong></span> <span class='ocrx_word' id='word_1_21' title='bbox 995 643 1106 704; x_wconf 86' lang='lat' dir='ltr'><strong>llerula</strong></span> <span class='ocrx_word' id='word_1_22' title='bbox 1120 645 1265 724; x_wconf 84' lang='lat' dir='ltr'><strong>praeiuit,</strong></span> <span class='ocrx_word' id='word_1_23' title='bbox 1280 644 1335 704; x_wconf 92' lang='lat' dir='ltr'><strong>dis-</strong></span> 
     </span>
     <span class='ocr_line' id='line_1_4' title="bbox 215 751 1377 846; baseline -0.007 -29"><span class='ocrx_word' id='word_1_24' title='bbox 215 757 361 835; x_wconf 74' lang='lat' dir='ltr'><strong>positione</strong></span> <span class='ocrx_word' id='word_1_25' title='bbox 376 754 443 814; x_wconf 87' lang='lat' dir='ltr'><strong>huic</strong></span> <span class='ocrx_word' id='word_1_26' title='bbox 458 752 533 813; x_wconf 92' lang='lat' dir='ltr'><strong>libro</strong></span> <span class='ocrx_word' id='word_1_27' title='bbox 549 751 722 827; x_wconf 76' lang='lat' dir='ltr'><strong>Pyrrhum</strong></span> <span class='ocrx_word' id='word_1_28' title='bbox 735 751 834 811; x_wconf 76' lang='lat' dir='ltr'>licebit</span> <span class='ocrx_word' id='word_1_29' title='bbox 852 751 1023 811; x_wconf 81' lang='lat' dir='ltr'><strong>inscribere.</strong></span> <span class='ocrx_word' id='word_1_30' title='bbox 1046 751 1157 827; x_wconf 74' lang='lat' dir='ltr'><strong>Pyrrho</strong></span> <span class='ocrx_word' id='word_1_31' title='bbox 1171 754 1267 828; x_wconf 91' lang='lat' dir='ltr'><strong>enirn,</strong></span> <span class='ocrx_word' id='word_1_32' title='bbox 1283 770 1336 810; x_wconf 89' lang='lat' dir='ltr'><strong>uec</strong></span> <span class='ocrx_word' id='word_1_33' title='bbox 1376 799 1377 846; x_wconf 32' lang='grc' dir='ltr'><strong>ἱ</strong></span> 
     </span>
     <span class='ocr_line' id='line_1_5' title="bbox 217 855 1377 938; baseline -0.007 -15"><span class='ocrx_word' id='word_1_34' title='bbox 217 879 291 923; x_wconf 90' lang='lat' dir='ltr'><strong>uero</strong></span> <span class='ocrx_word' id='word_1_35' title='bbox 306 861 369 922; x_wconf 87' lang='lat' dir='ltr'><strong>aliis</strong></span> <span class='ocrx_word' id='word_1_36' title='bbox 392 859 480 920; x_wconf 70' lang='lat' dir='ltr'><strong>renus</strong></span> <span class='ocrx_word' id='word_1_37' title='bbox 500 868 618 938; x_wconf 88' lang='lat' dir='ltr'><strong>praeter</strong></span> <span class='ocrx_word' id='word_1_38' title='bbox 631 858 770 934; x_wconf 74' lang='lat' dir='ltr'><strong>Pyrrhum</strong></span> <span class='ocrx_word' id='word_1_39' title='bbox 791 857 838 918; x_wconf 90' lang='lat' dir='ltr'><strong>bic</strong></span> <span class='ocrx_word' id='word_1_40' title='bbox 860 855 935 916; x_wconf 92' lang='lat' dir='ltr'><strong>liber</strong></span> <span class='ocrx_word' id='word_1_41' title='bbox 956 859 1068 918; x_wconf 87' lang='lat' dir='ltr'><strong>dicatus</strong></span> <span class='ocrx_word' id='word_1_42' title='bbox 1089 867 1150 919; x_wconf 90' lang='lat' dir='ltr'><strong>est:</strong></span> <span class='ocrx_word' id='word_1_43' title='bbox 1173 858 1255 918; x_wconf 87' lang='lat' dir='ltr'><strong>licet</strong></span> <span class='ocrx_word' id='word_1_44' title='bbox 1273 877 1336 917; x_wconf 92' lang='lat' dir='ltr'><strong>uer·</strong></span> <span class='ocrx_word' id='word_1_45' title='bbox 1376 869 1377 890; x_wconf 51' lang='lat' dir='ltr'><strong>t</strong></span> 
     </span>
     <span class='ocr_line' id='line_1_6' title="bbox 215 959 1337 1048; baseline -0.004 -19"><span class='ocrx_word' id='word_1_46' title='bbox 215 989 289 1046; x_wconf 92' lang='lat' dir='ltr'><strong>sum,</strong></span> <span class='ocrx_word' id='word_1_47' title='bbox 303 969 353 1048; x_wconf 84' lang='lat' dir='ltr'><strong>qui</strong></span> <span class='ocrx_word' id='word_1_48' title='bbox 366 971 459 1046; x_wconf 89' lang='lat' dir='ltr'><strong>ipsum</strong></span> <span class='ocrx_word' id='word_1_49' title='bbox 474 964 575 1041; x_wconf 77' lang='lat' dir='ltr'><strong>Pyrrhi</strong></span> <span class='ocrx_word' id='word_1_50' title='bbox 590 981 705 1039; x_wconf 90' lang='lat' dir='ltr'><strong>nomen,</strong></span> <span class='ocrx_word' id='word_1_51' title='bbox 718 962 767 1022; x_wconf 88' lang='lat' dir='ltr'><strong>uel</strong></span> <span class='ocrx_word' id='word_1_52' title='bbox 776 959 858 1022; x_wconf 77' lang='lat' dir='ltr'><strong>burri</strong></span> <span class='ocrx_word' id='word_1_53' title='bbox 871 979 952 1023; x_wconf 92' lang='lat' dir='ltr'><strong>more</strong></span> <span class='ocrx_word' id='word_1_54' title='bbox 965 961 1107 1041; x_wconf 81' lang='lat' dir='ltr'><strong>Enniano,</strong></span> <span class='ocrx_word' id='word_1_55' title='bbox 1124 964 1254 1025; x_wconf 75' lang='lat' dir='ltr'>exhibet</span> <span class='ocrx_word' id='word_1_56' title='bbox 1267 963 1337 1042; x_wconf 82' lang='lat' dir='ltr'><strong>(V),</strong></span> 
     </span>
     <span class='ocr_line' id='line_1_7' title="bbox 214 1066 1337 1160; baseline -0.005 -25"><span class='ocrx_word' id='word_1_57' title='bbox 214 1095 233 1160; x_wconf 79' lang='lat' dir='ltr'><strong>p</strong></span> <span class='ocrx_word' id='word_1_58' title='bbox 257 1075 357 1153; x_wconf 88' lang='lat' dir='ltr'><strong>quinto</strong></span> <span class='ocrx_word' id='word_1_59' title='bbox 379 1072 490 1133; x_wconf 89' lang='lat' dir='ltr'><strong>Nonius</strong></span> <span class='ocrx_word' id='word_1_60' title='bbox 512 1089 541 1150; x_wconf 91' lang='lat' dir='ltr'><strong>p.</strong></span> <span class='ocrx_word' id='word_1_61' title='bbox 564 1069 643 1146; x_wconf 78' lang='lat'><strong>226,</strong></span> <span class='ocrx_word' id='word_1_62' title='bbox 657 1067 706 1128; x_wconf 87' lang='grc'><strong>’30</strong></span> <span class='ocrx_word' id='word_1_63' title='bbox 728 1066 904 1146; x_wconf 84' lang='lat' dir='ltr'><strong>laudauerit,</strong></span> <span class='ocrx_word' id='word_1_64' title='bbox 926 1087 982 1128; x_wconf 90' lang='lat' dir='ltr'><strong>nec</strong></span> <span class='ocrx_word' id='word_1_65' title='bbox 1004 1069 1129 1147; x_wconf 75' lang='lat' dir='ltr'><strong>diligens</strong></span> <span class='ocrx_word' id='word_1_66' title='bbox 1150 1073 1221 1151; x_wconf 89' lang='lat' dir='ltr'><strong>ipse</strong></span> <span class='ocrx_word' id='word_1_67' title='bbox 1241 1091 1337 1148; x_wconf 84' lang='lat' dir='ltr'><strong>gram·</strong></span> 
     </span>
     <span class='ocr_line' id='line_1_8' title="bbox 217 1173 1378 1258; baseline -0.003 -18"><span class='ocrx_word' id='word_1_68' title='bbox 217 1182 356 1258; x_wconf 87' lang='lat' dir='ltr'><strong>malicus,</strong></span> <span class='ocrx_word' id='word_1_69' title='bbox 380 1196 436 1239; x_wconf 89' lang='lat' dir='ltr'><strong>uec</strong></span> <span class='ocrx_word' id='word_1_70' title='bbox 458 1197 475 1240; x_wconf 87' lang='lat' dir='ltr'><strong>a</strong></span> <span class='ocrx_word' id='word_1_71' title='bbox 497 1177 623 1238; x_wconf 91' lang='lat' dir='ltr'><strong>librariis</strong></span> <span class='ocrx_word' id='word_1_72' title='bbox 646 1184 784 1238; x_wconf 88' lang='lat' dir='ltr'><strong>tractatus</strong></span> <span class='ocrx_word' id='word_1_73' title='bbox 803 1175 968 1253; x_wconf 68' lang='lat' dir='ltr'><strong>diligenter.</strong></span> <span class='ocrx_word' id='word_1_74' title='bbox 1009 1173 1098 1236; x_wconf 80' lang='lat' dir='ltr'><strong>Cuius</strong></span> <span class='ocrx_word' id='word_1_75' title='bbox 1118 1186 1217 1238; x_wconf 89' lang='lat' dir='ltr'><strong>tamen</strong></span> <span class='ocrx_word' id='word_1_76' title='bbox 1235 1188 1337 1239; x_wconf 87' lang='lat' dir='ltr'><strong>aucto·</strong></span> <span class='ocrx_word' id='word_1_77' title='bbox 1377 1189 1378 1206; x_wconf 62' lang='lat'><strong>³</strong></span> 
     </span>
     <span class='ocr_line' id='line_1_9' title="bbox 215 1281 1337 1346; baseline -0.002 0"><span class='ocrx_word' id='word_1_78' title='bbox 215 1287 300 1346; x_wconf 89' lang='lat' dir='ltr'><strong>ritate</strong></span> <span class='ocrx_word' id='word_1_79' title='bbox 334 1285 414 1345; x_wconf 90' lang='lat' dir='ltr'><strong>nisus</strong></span> <span class='ocrx_word' id='word_1_80' title='bbox 443 1283 619 1344; x_wconf 88' lang='lat' dir='ltr'><strong>Niebubrius</strong></span> <span class='ocrx_word' id='word_1_81' title='bbox 649 1284 677 1342; x_wconf 93' lang='lat' dir='ltr'><strong>in</strong></span> <span class='ocrx_word' id='word_1_82' title='bbox 714 1281 824 1341; x_wconf 89' lang='lat' dir='ltr'><strong>scholis</strong></span> <span class='ocrx_word' id='word_1_83' title='bbox 862 1281 944 1342; x_wconf 88' lang='lat' dir='ltr'><strong>acad.</strong></span> <span class='ocrx_word' id='word_1_84' title='bbox 978 1282 1015 1343; x_wconf 90' lang='lat' dir='ltr'><strong>de</strong></span> <span class='ocrx_word' id='word_1_85' title='bbox 1046 1283 1165 1344; x_wconf 88' lang='lat' dir='ltr'><strong>historia</strong></span> <span class='ocrx_word' id='word_1_86' title='bbox 1198 1283 1337 1344; x_wconf 86' lang='lat' dir='ltr'><strong>Romana</strong></span> 
     </span>
     <span class='ocr_line' id='line_1_10' title="bbox 218 1387 1338 1474; baseline -0.005 -20"><span class='ocrx_word' id='word_1_87' title='bbox 218 1393 253 1472; x_wconf 94' lang='lat' dir='ltr'><strong>(l</strong></span> <span class='ocrx_word' id='word_1_88' title='bbox 282 1393 344 1474; x_wconf 78' lang='lat'><strong>23)</strong></span> <span class='ocrx_word' id='word_1_89' title='bbox 381 1393 510 1472; x_wconf 82' lang='lat' dir='ltr'><strong>quintum</strong></span> <span class='ocrx_word' id='word_1_90' title='bbox 542 1388 691 1463; x_wconf 80' lang='lat' dir='ltr'><strong>annalem,</strong></span> <span class='ocrx_word' id='word_1_91' title='bbox 728 1403 786 1446; x_wconf 93' lang='lat' dir='ltr'><strong>non</strong></span> <span class='ocrx_word' id='word_1_92' title='bbox 815 1395 945 1463; x_wconf 86' lang='lat' dir='ltr'><strong>sextum,</strong></span> <span class='ocrx_word' id='word_1_93' title='bbox 983 1387 1095 1463; x_wconf 73' lang='lat' dir='ltr'><strong>Pyrrho</strong></span> <span class='ocrx_word' id='word_1_94' title='bbox 1126 1390 1273 1451; x_wconf 75' lang='lat' dir='ltr'><strong>ascribit:</strong></span> <span class='ocrx_word' id='word_1_95' title='bbox 1313 1401 1338 1449; x_wconf 85' lang='lat' dir='ltr'><strong>at</strong></span> 
     </span>
     <span class='ocr_line' id='line_1_11' title="bbox 216 1493 1338 1576; baseline -0.002 -18"><span class='ocrx_word' id='word_1_96' title='bbox 216 1499 366 1560; x_wconf 90' lang='lat' dir='ltr'><strong>Niebuhrii</strong></span> <span class='ocrx_word' id='word_1_97' title='bbox 397 1496 538 1558; x_wconf 89' lang='lat' dir='ltr'><strong>annalium</strong></span> <span class='ocrx_word' id='word_1_98' title='bbox 567 1495 721 1574; x_wconf 77' lang='lat' dir='ltr'><strong>dispositio</strong></span> <span class='ocrx_word' id='word_1_99' title='bbox 750 1493 884 1552; x_wconf 89' lang='lat' dir='ltr'><strong>uniuersa</strong></span> <span class='ocrx_word' id='word_1_100' title='bbox 914 1511 1021 1554; x_wconf 88' lang='lat' dir='ltr'><strong>uereor</strong></span> <span class='ocrx_word' id='word_1_101' title='bbox 1055 1504 1086 1556; x_wconf 91' lang='lat' dir='ltr'><strong>ut</strong></span> <span class='ocrx_word' id='word_1_102' title='bbox 1112 1496 1211 1557; x_wconf 89' lang='lat' dir='ltr'><strong>dedita</strong></span> <span class='ocrx_word' id='word_1_103' title='bbox 1246 1515 1338 1576; x_wconf 88' lang='lat' dir='ltr'><strong>opera</strong></span> 
     </span>
     <span class='ocr_line' id='line_1_12' title="bbox 217 1599 1338 1682; baseline -0.002 -19"><span class='ocrx_word' id='word_1_104' title='bbox 217 1604 345 1664; x_wconf 89' lang='lat' dir='ltr'><strong>instituta</strong></span> <span class='ocrx_word' id='word_1_105' title='bbox 367 1605 491 1664; x_wconf 89' lang='lat' dir='ltr'><strong>omnium</strong></span> <span class='ocrx_word' id='word_1_106' title='bbox 513 1601 739 1679; x_wconf 77' lang='lat' dir='ltr'><strong>fragmentorum</strong></span> <span class='ocrx_word' id='word_1_107' title='bbox 754 1599 990 1661; x_wconf 75' lang='lat' dir='ltr'><strong>consideratione</strong></span> <span class='ocrx_word' id='word_1_108' title='bbox 1006 1602 1121 1662; x_wconf 88' lang='lat' dir='ltr'><strong>nitatur.</strong></span> <span class='ocrx_word' id='word_1_109' title='bbox 1160 1602 1270 1682; x_wconf 80' lang='lat' dir='ltr'><strong>Aqua</strong></span> <span class='ocrx_word' id='word_1_110' title='bbox 1290 1623 1338 1664; x_wconf 93' lang='lat' dir='ltr'><strong>cur</strong></span> 
     </span>
     <span class='ocr_line' id='line_1_13' title="bbox 217 1704 1336 1787; baseline 0 -19"><span class='ocrx_word' id='word_1_111' title='bbox 217 1712 246 1769; x_wconf 90' lang='lat' dir='ltr'><strong>in</strong></span> <span class='ocrx_word' id='word_1_112' title='bbox 272 1710 336 1770; x_wconf 91' lang='lat' dir='ltr'><strong>aliis</strong></span> <span class='ocrx_word' id='word_1_113' title='bbox 364 1710 447 1770; x_wconf 87' lang='lat' dir='ltr'><strong>libris</strong></span> <span class='ocrx_word' id='word_1_114' title='bbox 478 1708 682 1781; x_wconf 78' lang='lat' dir='ltr'><strong>discesserim,</strong></span> <span class='ocrx_word' id='word_1_115' title='bbox 716 1704 784 1764; x_wconf 91' lang='lat' dir='ltr'><strong>alibi</strong></span> <span class='ocrx_word' id='word_1_116' title='bbox 813 1705 920 1766; x_wconf 86' lang='lat' dir='ltr'><strong>dicam:</strong></span> <span class='ocrx_word' id='word_1_117' title='bbox 957 1707 985 1766; x_wconf 92' lang='lat' dir='ltr'><strong>iu</strong></span> <span class='ocrx_word' id='word_1_118' title='bbox 1010 1706 1122 1782; x_wconf 76' lang='lat' dir='ltr'><strong>Pyrrbo</strong></span> <span class='ocrx_word' id='word_1_119' title='bbox 1151 1710 1236 1787; x_wconf 85' lang='lat' dir='ltr'><strong>quod</strong></span> <span class='ocrx_word' id='word_1_120' title='bbox 1271 1710 1336 1770; x_wconf 89' lang='lat' dir='ltr'><strong>Nie-</strong></span> 
     </span>
     <span class='ocr_line' id='line_1_14' title="bbox 216 1809 1336 1895; baseline -0.003 -19"><span class='ocrx_word' id='word_1_121' title='bbox 216 1817 346 1878; x_wconf 91' lang='lat' dir='ltr'><strong>bubriom</strong></span> <span class='ocrx_word' id='word_1_122' title='bbox 367 1833 424 1876; x_wconf 94' lang='lat' dir='ltr'><strong>non</strong></span> <span class='ocrx_word' id='word_1_123' title='bbox 447 1831 574 1893; x_wconf 89' lang='lat' dir='ltr'><strong>sequor,</strong></span> <span class='ocrx_word' id='word_1_124' title='bbox 599 1813 782 1886; x_wconf 86' lang='lat' dir='ltr'><strong>contestis,</strong></span> <span class='ocrx_word' id='word_1_125' title='bbox 804 1828 889 1889; x_wconf 87' lang='lat' dir='ltr'><strong>quem</strong></span> <span class='ocrx_word' id='word_1_126' title='bbox 904 1809 988 1872; x_wconf 89' lang='lat' dir='ltr'><strong>Nonii</strong></span> <span class='ocrx_word' id='word_1_127' title='bbox 1008 1815 1172 1875; x_wconf 87' lang='lat' dir='ltr'><strong>testimonio</strong></span> <span class='ocrx_word' id='word_1_128' title='bbox 1195 1831 1336 1895; x_wconf 92' lang='lat' dir='ltr'><strong>oppono,</strong></span> 
     </span>
     <span class='ocr_line' id='line_1_15' title="bbox 216 1915 1335 2001; baseline -0.001 -19"><span class='ocrx_word' id='word_1_129' title='bbox 216 1921 321 1982; x_wconf 82' lang='lat' dir='ltr'><strong>Festus</strong></span> <span class='ocrx_word' id='word_1_130' title='bbox 345 1941 391 1982; x_wconf 90' lang='lat' dir='ltr'><strong>me</strong></span> <span class='ocrx_word' id='word_1_131' title='bbox 416 1930 550 1995; x_wconf 90' lang='lat' dir='ltr'><strong>moueat,</strong></span> <span class='ocrx_word' id='word_1_132' title='bbox 582 1920 631 1997; x_wconf 88' lang='lat' dir='ltr'><strong>qui</strong></span> <span class='ocrx_word' id='word_1_133' title='bbox 652 1937 681 1997; x_wconf 86' lang='lat' dir='ltr'><strong>p.</strong></span> <span class='ocrx_word' id='word_1_134' title='bbox 707 1917 767 1978; x_wconf 87' lang='grc'><strong>169</strong></span> <span class='ocrx_word' id='word_1_135' title='bbox 787 1915 825 1982; x_wconf 86' lang='grc' dir='ltr'><strong>Μ.</strong></span> <span class='ocrx_word' id='word_1_136' title='bbox 847 1917 884 1977; x_wconf 89' lang='lat' dir='ltr'><strong>ir.</strong></span> <span class='ocrx_word' id='word_1_137' title='bbox 908 1916 965 1995; x_wconf 90' lang='lat' dir='ltr'><strong>lv,</strong></span> <span class='ocrx_word' id='word_1_138' title='bbox 997 1921 1076 1999; x_wconf 88' lang='lat' dir='ltr'><strong>quod</strong></span> <span class='ocrx_word' id='word_1_139' title='bbox 1099 1939 1163 1981; x_wconf 86' lang='lat' dir='ltr'><strong>cunr</strong></span> <span class='ocrx_word' id='word_1_140' title='bbox 1186 1921 1248 1980; x_wconf 90' lang='lat' dir='ltr'><strong>illo</strong></span> <span class='ocrx_word' id='word_1_141' title='bbox 1271 1941 1335 2001; x_wconf 91' lang='lat' dir='ltr'><strong>per·</strong></span> 
     </span>
     <span class='ocr_line' id='line_1_16' title="bbox 217 2023 1335 2106; baseline -0.002 -18"><span class='ocrx_word' id='word_1_142' title='bbox 217 2045 303 2106; x_wconf 88' lang='lat' dir='ltr'><strong>quam</strong></span> <span class='ocrx_word' id='word_1_143' title='bbox 328 2026 520 2106; x_wconf 88' lang='lat' dir='ltr'><strong>probabiliter</strong></span> <span class='ocrx_word' id='word_1_144' title='bbox 542 2023 653 2086; x_wconf 87' lang='lat' dir='ltr'><strong>llerula</strong></span> <span class='ocrx_word' id='word_1_145' title='bbox 683 2024 849 2099; x_wconf 86' lang='lat' dir='ltr'><strong>coniunxit,</strong></span> <span class='ocrx_word' id='word_1_146' title='bbox 883 2041 900 2082; x_wconf 92' lang='lat' dir='ltr'><strong>e</strong></span> <span class='ocrx_word' id='word_1_147' title='bbox 926 2023 967 2083; x_wconf 87' lang='lat' dir='ltr'><strong>Vl</strong></span> <span class='ocrx_word' id='word_1_148' title='bbox 995 2026 1090 2086; x_wconf 88' lang='lat' dir='ltr'><strong>annali</strong></span> <span class='ocrx_word' id='word_1_149' title='bbox 1117 2027 1238 2088; x_wconf 89' lang='lat' dir='ltr'><strong>citauit:</strong></span> <span class='ocrx_word' id='word_1_150' title='bbox 1281 2037 1335 2088; x_wconf 89' lang='lat' dir='ltr'><strong>turn</strong></span> 
     </span>
     <span class='ocr_line' id='line_1_17' title="bbox 216 2117 1381 2213; baseline -0.001 -20"><span class='ocrx_word' id='word_1_151' title='bbox 216 2135 308 2195; x_wconf 88' lang='lat' dir='ltr'><strong>llrmat</strong></span> <span class='ocrx_word' id='word_1_152' title='bbox 328 2134 486 2210; x_wconf 91' lang='lat' dir='ltr'><strong>rationem,</strong></span> <span class='ocrx_word' id='word_1_153' title='bbox 519 2131 704 2211; x_wconf 88' lang='lat' dir='ltr'><strong>quodetiam</strong></span> <span class='ocrx_word' id='word_1_154' title='bbox 727 2131 854 2207; x_wconf 89' lang='lat' dir='ltr'><strong>relicua,</strong></span> <span class='ocrx_word' id='word_1_155' title='bbox 885 2149 960 2212; x_wconf 84' lang='lat' dir='ltr'><strong>quae</strong></span> <span class='ocrx_word' id='word_1_156' title='bbox 983 2133 1097 2213; x_wconf 88' lang='lat' dir='ltr'><strong>quidem</strong></span> <span class='ocrx_word' id='word_1_157' title='bbox 1119 2133 1336 2194; x_wconf 79' lang='lat' dir='ltr'><strong>adferunture</strong></span> <span class='ocrx_word' id='word_1_158' title='bbox 1380 2117 1381 2134; x_wconf 47' lang='lat'>¹</span> 
     </span>
     <span class='ocr_line' id='line_1_18' title="bbox 217 2238 1336 2318; baseline 0 -20"><span class='ocrx_word' id='word_1_159' title='bbox 217 2249 320 2316; x_wconf 85' lang='lat' dir='ltr'><strong>sento,</strong></span> <span class='ocrx_word' id='word_1_160' title='bbox 344 2241 407 2300; x_wconf 89' lang='lat' dir='ltr'><strong>iere</strong></span> <span class='ocrx_word' id='word_1_161' title='bbox 429 2256 480 2299; x_wconf 89' lang='lat' dir='ltr'><strong>sua</strong></span> <span class='ocrx_word' id='word_1_162' title='bbox 501 2249 607 2318; x_wconf 89' lang='lat' dir='ltr'><strong>sponte</strong></span> <span class='ocrx_word' id='word_1_163' title='bbox 631 2256 664 2298; x_wconf 89' lang='lat' dir='ltr'><strong>se</strong></span> <span class='ocrx_word' id='word_1_164' title='bbox 685 2238 753 2298; x_wconf 87' lang='lat' dir='ltr'><strong>buis</strong></span> <span class='ocrx_word' id='word_1_165' title='bbox 776 2247 946 2315; x_wconf 76' lang='lat' dir='ltr'><strong>argumento</strong></span> <span class='ocrx_word' id='word_1_166' title='bbox 971 2241 1197 2302; x_wconf 87' lang='lat' dir='ltr'><strong>accommodant.</strong></span> <span class='ocrx_word' id='word_1_167' title='bbox 1240 2241 1336 2303; x_wconf 91' lang='lat' dir='ltr'><strong>Porro</strong></span> 
     </span>
     <span class='ocr_line' id='line_1_19' title="bbox 217 2345 1382 2428; baseline 0.002 -24"><span class='ocrx_word' id='word_1_168' title='bbox 217 2345 354 2423; x_wconf 83' lang='lat' dir='ltr'><strong>quidquid</strong></span> <span class='ocrx_word' id='word_1_169' title='bbox 378 2346 414 2406; x_wconf 90' lang='lat' dir='ltr'><strong>de</strong></span> <span class='ocrx_word' id='word_1_170' title='bbox 435 2355 537 2423; x_wconf 86' lang='lat' dir='ltr'><strong>quarto</strong></span> <span class='ocrx_word' id='word_1_171' title='bbox 560 2345 719 2424; x_wconf 88' lang='lat' dir='ltr'><strong>quintoque</strong></span> <span class='ocrx_word' id='word_1_172' title='bbox 742 2345 818 2405; x_wconf 92' lang='lat' dir='ltr'><strong>libro</strong></span> <span class='ocrx_word' id='word_1_173' title='bbox 842 2355 1001 2423; x_wconf 86' lang='lat' dir='ltr'><strong>statuetur,</strong></span> <span class='ocrx_word' id='word_1_174' title='bbox 1026 2349 1053 2407; x_wconf 93' lang='lat' dir='ltr'><strong>in</strong></span> <span class='ocrx_word' id='word_1_175' title='bbox 1073 2348 1177 2428; x_wconf 83' lang='lat' dir='ltr'><strong>quibus</strong></span> <span class='ocrx_word' id='word_1_176' title='bbox 1192 2365 1260 2426; x_wconf 87' lang='lat' dir='ltr'><strong>ego</strong></span> <span class='ocrx_word' id='word_1_177' title='bbox 1281 2367 1336 2408; x_wconf 91' lang='lat' dir='ltr'><strong>non</strong></span> <span class='ocrx_word' id='word_1_178' title='bbox 1381 2417 1382 2428; x_wconf 15' lang='grc' dir='ltr'><strong>ἶ</strong></span> 
     </span>
     <span class='ocr_line' id='line_1_20' title="bbox 218 2451 1337 2532; baseline 0.004 -23"><span class='ocrx_word' id='word_1_179' title='bbox 218 2467 327 2511; x_wconf 89' lang='lat' dir='ltr'><strong>uereor</strong></span> <span class='ocrx_word' id='word_1_180' title='bbox 349 2461 379 2511; x_wconf 89' lang='lat' dir='ltr'><strong>ot</strong></span> <span class='ocrx_word' id='word_1_181' title='bbox 395 2451 578 2530; x_wconf 91' lang='lat' dir='ltr'><strong>disponendo</strong></span> <span class='ocrx_word' id='word_1_182' title='bbox 599 2451 717 2511; x_wconf 92' lang='lat' dir='ltr'><strong>multum</strong></span> <span class='ocrx_word' id='word_1_183' title='bbox 738 2469 840 2512; x_wconf 86' lang='lat' dir='ltr'><strong>suero</strong></span> <span class='ocrx_word' id='word_1_184' title='bbox 860 2452 1046 2529; x_wconf 80' lang='lat' dir='ltr'><strong>deflexerim,</strong></span> <span class='ocrx_word' id='word_1_185' title='bbox 1069 2471 1085 2513; x_wconf 90' lang='lat' dir='ltr'><strong>a</strong></span> <span class='ocrx_word' id='word_1_186' title='bbox 1106 2455 1232 2532; x_wconf 88' lang='lat' dir='ltr'><strong>septimo</strong></span> <span class='ocrx_word' id='word_1_187' title='bbox 1256 2455 1337 2516; x_wconf 90' lang='lat' dir='ltr'><strong>bella</strong></span> 
     </span>
     <span class='ocr_line' id='line_1_21' title="bbox 218 2557 1337 2638; baseline 0.002 -22"><span class='ocrx_word' id='word_1_188' title='bbox 218 2557 324 2618; x_wconf 87' lang='lat' dir='ltr'><strong>Punica</strong></span> <span class='ocrx_word' id='word_1_189' title='bbox 339 2558 468 2620; x_wconf 86' lang='lat' dir='ltr'><strong>incohari</strong></span> <span class='ocrx_word' id='word_1_190' title='bbox 484 2561 553 2618; x_wconf 88' lang='lat' dir='ltr'><strong>satis</strong></span> <span class='ocrx_word' id='word_1_191' title='bbox 566 2567 658 2634; x_wconf 90' lang='lat' dir='ltr'><strong>certa,</strong></span> <span class='ocrx_word' id='word_1_192' title='bbox 674 2576 750 2636; x_wconf 88' lang='lat' dir='ltr'><strong>quae</strong></span> <span class='ocrx_word' id='word_1_193' title='bbox 761 2558 835 2619; x_wconf 89' lang='lat' dir='ltr'><strong>inira</strong></span> <span class='ocrx_word' id='word_1_194' title='bbox 855 2559 1022 2638; x_wconf 86' lang='lat' dir='ltr'><strong>explicabo,</strong></span> <span class='ocrx_word' id='word_1_195' title='bbox 1038 2558 1143 2620; x_wconf 88' lang='lat' dir='ltr'><strong>indicia</strong></span> <span class='ocrx_word' id='word_1_196' title='bbox 1157 2569 1337 2622; x_wconf 89' lang='lat' dir='ltr'><strong>monstrant.</strong></span> 
     </span>
     <span class='ocr_line' id='line_1_22' title="bbox 303 2663 1383 2746; baseline 0.003 -21"><span class='ocrx_word' id='word_1_197' title='bbox 303 2664 449 2725; x_wconf 81' lang='lat' dir='ltr'><strong>Exorsum</strong></span> <span class='ocrx_word' id='word_1_198' title='bbox 478 2683 546 2726; x_wconf 88' lang='lat' dir='ltr'><strong>esse</strong></span> <span class='ocrx_word' id='word_1_199' title='bbox 580 2663 683 2725; x_wconf 89' lang='lat' dir='ltr'><strong>librum</strong></span> <span class='ocrx_word' id='word_1_200' title='bbox 716 2664 752 2725; x_wconf 93' lang='lat' dir='ltr'><strong>ab</strong></span> <span class='ocrx_word' id='word_1_201' title='bbox 785 2683 822 2725; x_wconf 93' lang='lat' dir='ltr'><strong>eo</strong></span> <span class='ocrx_word' id='word_1_202' title='bbox 855 2683 941 2745; x_wconf 90' lang='lat' dir='ltr'><strong>quern</strong></span> <span class='ocrx_word' id='word_1_203' title='bbox 966 2665 1086 2746; x_wconf 91' lang='lat' dir='ltr'><strong>primum</strong></span> <span class='ocrx_word' id='word_1_204' title='bbox 1114 2667 1199 2746; x_wconf 90' lang='lat' dir='ltr'><strong>posui</strong></span> <span class='ocrx_word' id='word_1_205' title='bbox 1230 2685 1336 2742; x_wconf 90' lang='lat' dir='ltr'><strong>uersu,</strong></span> <span class='ocrx_word' id='word_1_206' title='bbox 1382 2723 1383 2728; x_wconf 73' lang='grc'>,</span> 
     </span>
     <span class='ocr_line' id='line_1_23' title="bbox 219 2769 1337 2850; baseline -0.001 -19"><span class='ocrx_word' id='word_1_207' title='bbox 219 2770 326 2832; x_wconf 80' lang='lat' dir='ltr'><strong>Cicero</strong></span> <span class='ocrx_word' id='word_1_208' title='bbox 366 2772 443 2850; x_wconf 90' lang='lat' dir='ltr'><strong>apud</strong></span> <span class='ocrx_word' id='word_1_209' title='bbox 480 2770 685 2845; x_wconf 83' lang='lat' dir='ltr'><strong>Quintilianum</strong></span> <span class='ocrx_word' id='word_1_210' title='bbox 719 2770 760 2830; x_wconf 87' lang='lat' dir='ltr'><strong>Vl</strong></span> <span class='ocrx_word' id='word_1_211' title='bbox 791 2771 832 2847; x_wconf 91' lang='lat'><strong>3,</strong></span> <span class='ocrx_word' id='word_1_212' title='bbox 874 2769 938 2849; x_wconf 88' lang='lat'><strong>86,</strong></span> <span class='ocrx_word' id='word_1_213' title='bbox 987 2771 1057 2832; x_wconf 89' lang='lat' dir='ltr'><strong>licet</strong></span> <span class='ocrx_word' id='word_1_214' title='bbox 1102 2771 1233 2832; x_wconf 87' lang='lat' dir='ltr'><strong>editores</strong></span> <span class='ocrx_word' id='word_1_215' title='bbox 1282 2789 1337 2832; x_wconf 93' lang='lat' dir='ltr'><strong>uon</strong></span> 
     </span>
     <span class='ocr_line' id='line_1_24' title="bbox 157 2855 1336 2958; baseline -0.001 -21"><span class='ocrx_word' id='word_1_216' title='bbox 157 2855 165 2870; x_wconf 57' lang='lat'>⁸</span> <span class='ocrx_word' id='word_1_217' title='bbox 217 2879 358 2954; x_wconf 91' lang='lat' dir='ltr'><strong>uiderint,</strong></span> <span class='ocrx_word' id='word_1_218' title='bbox 381 2895 439 2936; x_wconf 93' lang='lat' dir='ltr'><strong>non</strong></span> <span class='ocrx_word' id='word_1_219' title='bbox 461 2876 587 2955; x_wconf 84' lang='lat' dir='ltr'><strong>obscure</strong></span> <span class='ocrx_word' id='word_1_220' title='bbox 609 2877 785 2955; x_wconf 87' lang='lat' dir='ltr'><strong>prodiderat.</strong></span> <span class='ocrx_word' id='word_1_221' title='bbox 821 2875 905 2937; x_wconf 87' lang='lat' dir='ltr'><strong>Vnde</strong></span> <span class='ocrx_word' id='word_1_222' title='bbox 928 2877 1060 2938; x_wconf 89' lang='lat' dir='ltr'><strong>colorem</strong></span> <span class='ocrx_word' id='word_1_223' title='bbox 1082 2876 1162 2938; x_wconf 83' lang='lat' dir='ltr'><strong>duxit</strong></span> <span class='ocrx_word' id='word_1_224' title='bbox 1176 2877 1217 2953; x_wconf 88' lang='lat' dir='ltr'><strong>is,</strong></span> <span class='ocrx_word' id='word_1_225' title='bbox 1242 2891 1336 2958; x_wconf 88' lang='lat' dir='ltr'><strong>aquo</strong></span> 
     </span>
     <span class='ocr_line' id='line_1_25' title="bbox 218 2981 1336 3062; baseline -0.001 -20"><span class='ocrx_word' id='word_1_226' title='bbox 218 2981 371 3044; x_wconf 85' lang='lat' dir='ltr'><strong>Lucretius</strong></span> <span class='ocrx_word' id='word_1_227' title='bbox 391 2985 518 3062; x_wconf 84' lang='lat' dir='ltr'><strong>quintum</strong></span> <span class='ocrx_word' id='word_1_228' title='bbox 538 2982 574 3043; x_wconf 92' lang='lat' dir='ltr'><strong>de</strong></span> <span class='ocrx_word' id='word_1_229' title='bbox 599 2991 698 3044; x_wconf 88' lang='lat' dir='ltr'><strong>natura</strong></span> <span class='ocrx_word' id='word_1_230' title='bbox 720 3000 816 3042; x_wconf 90' lang='lat' dir='ltr'><strong>rerum</strong></span> <span class='ocrx_word' id='word_1_231' title='bbox 840 2983 964 3062; x_wconf 93' lang='lat' dir='ltr'><strong>incepit,</strong></span> <span class='ocrx_word' id='word_1_232' title='bbox 987 2990 1047 3060; x_wconf 71' lang='lat' dir='ltr'><strong>quus</strong></span> <span class='ocrx_word' id='word_1_233' title='bbox 1065 2990 1137 3060; x_wconf 86' lang='lat' dir='ltr'><strong>potis</strong></span> <span class='ocrx_word' id='word_1_234' title='bbox 1158 2993 1198 3044; x_wconf 83' lang='lat' dir='ltr'><strong>est</strong></span> <span class='ocrx_word' id='word_1_235' title='bbox 1217 2987 1336 3061; x_wconf 72' lang='lat' dir='ltr'><strong>diqnum</strong></span> 
     </span>
     <span class='ocr_line' id='line_1_26' title="bbox 213 3086 1336 3168; baseline -0.002 -18"><span class='ocrx_word' id='word_1_236' title='bbox 213 3096 331 3167; x_wconf 82' lang='lat' dir='ltr'><strong>pollenti</strong></span> <span class='ocrx_word' id='word_1_237' title='bbox 344 3100 461 3168; x_wconf 85' lang='lat' dir='ltr'><strong>pectore</strong></span> <span class='ocrx_word' id='word_1_238' title='bbox 480 3109 594 3150; x_wconf 81' lang='lat' dir='ltr'><strong>carruca</strong></span> <span class='ocrx_word' id='word_1_239' title='bbox 609 3094 754 3150; x_wconf 79' lang='lat' dir='ltr'><strong>Condere?</strong></span> <span class='ocrx_word' id='word_1_240' title='bbox 776 3086 821 3150; x_wconf 82' lang='lat' dir='ltr'><strong>Gi.</strong></span> <span class='ocrx_word' id='word_1_241' title='bbox 842 3091 926 3152; x_wconf 90' lang='lat' dir='ltr'><strong>etiam</strong></span> <span class='ocrx_word' id='word_1_242' title='bbox 939 3090 1086 3151; x_wconf 78' lang='lat' dir='ltr'><strong>Ausonius</strong></span> <span class='ocrx_word' id='word_1_243' title='bbox 1098 3089 1173 3155; x_wconf 84' lang='lat' dir='ltr'><strong>llos,</strong></span> <span class='ocrx_word' id='word_1_244' title='bbox 1188 3088 1254 3150; x_wconf 82' lang='lat'><strong>298</strong></span> <span class='ocrx_word' id='word_1_245' title='bbox 1277 3098 1336 3168; x_wconf 79' lang='lat' dir='ltr'><strong>qais</strong></span> 
     </span>
     <span class='ocr_line' id='line_1_27' title="bbox 212 3199 1337 3274; baseline -0.002 -16"><span class='ocrx_word' id='word_1_246' title='bbox 212 3203 288 3274; x_wconf 80' lang='lat' dir='ltr'><strong>potis</strong></span> <span class='ocrx_word' id='word_1_247' title='bbox 316 3204 475 3258; x_wconf 72' lang='lat' dir='ltr'><strong>innumms</strong></span> <span class='ocrx_word' id='word_1_248' title='bbox 503 3203 644 3272; x_wconf 78' lang='lat' dir='ltr'><strong>cultusque</strong></span> <span class='ocrx_word' id='word_1_249' title='bbox 671 3199 831 3274; x_wconf 77' lang='lat' dir='ltr'><strong>habitusque</strong></span> <span class='ocrx_word' id='word_1_250' title='bbox 862 3209 994 3260; x_wconf 70' lang='lat' dir='ltr'><strong>reterens</strong></span> <span class='ocrx_word' id='word_1_251' title='bbox 1022 3201 1151 3260; x_wconf 82' lang='lat' dir='ltr'><strong>Pondere</strong></span> <span class='ocrx_word' id='word_1_252' title='bbox 1182 3205 1337 3258; x_wconf 72' lang='lat' dir='ltr'><strong>wmonicos</strong></span> 
     </span>
     <span class='ocr_line' id='line_1_28' title="bbox 198 3301 1336 3382; baseline 0.001 -20"><span class='ocrx_word' id='word_1_253' title='bbox 198 3307 204 3318; x_wconf 92' lang='lat'>&#39;</span> <span class='ocrx_word' id='word_1_254' title='bbox 213 3321 271 3378; x_wconf 85' lang='lat' dir='ltr'><strong>per</strong></span> <span class='ocrx_word' id='word_1_255' title='bbox 290 3309 399 3380; x_wconf 77' lang='lat' dir='ltr'><strong>simpulo</strong></span> <span class='ocrx_word' id='word_1_256' title='bbox 417 3309 537 3382; x_wconf 84' lang='lat' dir='ltr'><strong>praedio</strong></span> <span class='ocrx_word' id='word_1_257' title='bbox 557 3307 687 3379; x_wconf 79' lang='lat' dir='ltr'><strong>formos?</strong></span> <span class='ocrx_word' id='word_1_258' title='bbox 720 3301 800 3380; x_wconf 80' lang='lat' dir='ltr'><strong>Ergo</strong></span> <span class='ocrx_word' id='word_1_259' title='bbox 823 3302 891 3364; x_wconf 90' lang='lat' dir='ltr'><strong>huic</strong></span> <span class='ocrx_word' id='word_1_260' title='bbox 913 3303 987 3365; x_wconf 90' lang='lat' dir='ltr'><strong>libro</strong></span> <span class='ocrx_word' id='word_1_261' title='bbox 1011 3304 1162 3382; x_wconf 87' lang='lat' dir='ltr'><strong>peculiare</strong></span> <span class='ocrx_word' id='word_1_262' title='bbox 1184 3303 1336 3382; x_wconf 87' lang='lat' dir='ltr'><strong>quoddam</strong></span> 
     </span>
     <span class='ocr_line' id='line_1_29' title="bbox 218 3409 1334 3488; baseline 0.002 -20"><span class='ocrx_word' id='word_1_263' title='bbox 218 3410 419 3487; x_wconf 90' lang='lat' dir='ltr'><strong>prohoemium</strong></span> <span class='ocrx_word' id='word_1_264' title='bbox 437 3428 495 3470; x_wconf 92' lang='lat' dir='ltr'><strong>uon</strong></span> <span class='ocrx_word' id='word_1_265' title='bbox 514 3409 621 3486; x_wconf 89' lang='lat' dir='ltr'><strong>deluit,</strong></span> <span class='ocrx_word' id='word_1_266' title='bbox 648 3418 679 3468; x_wconf 91' lang='lat' dir='ltr'><strong>ut</strong></span> <span class='ocrx_word' id='word_1_267' title='bbox 702 3417 820 3487; x_wconf 89' lang='lat' dir='ltr'><strong>praeter</strong></span> <span class='ocrx_word' id='word_1_268' title='bbox 838 3411 959 3488; x_wconf 91' lang='lat' dir='ltr'><strong>primum</strong></span> <span class='ocrx_word' id='word_1_269' title='bbox 978 3411 1120 3488; x_wconf 91' lang='lat' dir='ltr'><strong>septimo,</strong></span> <span class='ocrx_word' id='word_1_270' title='bbox 1144 3409 1263 3471; x_wconf 91' lang='lat' dir='ltr'><strong>decimo</strong></span> <span class='ocrx_word' id='word_1_271' title='bbox 1289 3429 1334 3484; x_wconf 90' lang='lat' dir='ltr'><strong>ac,</strong></span> 
     </span>
     <span class='ocr_line' id='line_1_30' title="bbox 218 3515 1333 3591; baseline -0.001 -17"><span class='ocrx_word' id='word_1_272' title='bbox 218 3517 273 3575; x_wconf 93' lang='lat' dir='ltr'><strong>nisi</strong></span> <span class='ocrx_word' id='word_1_273' title='bbox 294 3535 340 3576; x_wconf 93' lang='lat' dir='ltr'><strong>me</strong></span> <span class='ocrx_word' id='word_1_274' title='bbox 361 3516 435 3578; x_wconf 83' lang='lat' dir='ltr'><strong>fallit</strong></span> <span class='ocrx_word' id='word_1_275' title='bbox 458 3518 646 3591; x_wconf 89' lang='lat' dir='ltr'><strong>coniectura,</strong></span> <span class='ocrx_word' id='word_1_276' title='bbox 671 3516 756 3576; x_wconf 89' lang='lat' dir='ltr'><strong>etiam</strong></span> <span class='ocrx_word' id='word_1_277' title='bbox 779 3515 999 3576; x_wconf 84' lang='lat' dir='ltr'><strong>sextodecimo</strong></span> <span class='ocrx_word' id='word_1_278' title='bbox 1024 3525 1053 3576; x_wconf 89' lang='lat' dir='ltr'><strong>et</strong></span> <span class='ocrx_word' id='word_1_279' title='bbox 1075 3515 1333 3577; x_wconf 90' lang='lat' dir='ltr'><strong>duodeuicesimo.</strong></span> 
     </span>
     <span class='ocr_line' id='line_1_31' title="bbox 218 3621 1334 3697; baseline -0.002 -14"><span class='ocrx_word' id='word_1_280' title='bbox 218 3621 277 3683; x_wconf 86' lang='lat' dir='ltr'><strong>Sed</strong></span> <span class='ocrx_word' id='word_1_281' title='bbox 311 3623 355 3684; x_wconf 91' lang='lat' dir='ltr'><strong>bis</strong></span> <span class='ocrx_word' id='word_1_282' title='bbox 383 3623 464 3684; x_wconf 91' lang='lat' dir='ltr'><strong>libris</strong></span> <span class='ocrx_word' id='word_1_283' title='bbox 498 3623 564 3684; x_wconf 90' lang='lat' dir='ltr'><strong>dum</strong></span> <span class='ocrx_word' id='word_1_284' title='bbox 596 3621 712 3682; x_wconf 90' lang='lat' dir='ltr'><strong>uindico</strong></span> <span class='ocrx_word' id='word_1_285' title='bbox 743 3623 908 3697; x_wconf 86' lang='lat' dir='ltr'><strong>exordium,</strong></span> <span class='ocrx_word' id='word_1_286' title='bbox 945 3623 1052 3682; x_wconf 89' lang='lat' dir='ltr'><strong>ceteris</strong></span> <span class='ocrx_word' id='word_1_287' title='bbox 1085 3641 1141 3684; x_wconf 92' lang='lat' dir='ltr'><strong>uon</strong></span> <span class='ocrx_word' id='word_1_288' title='bbox 1175 3622 1334 3684; x_wconf 88' lang='lat' dir='ltr'><strong>abiudico:</strong></span> 
     </span>
     <span class='ocr_line' id='line_1_32' title="bbox 218 3728 1334 3809; baseline 0.003 -21"><span class='ocrx_word' id='word_1_289' title='bbox 218 3730 273 3788; x_wconf 91' lang='lat' dir='ltr'><strong>uisi</strong></span> <span class='ocrx_word' id='word_1_290' title='bbox 301 3730 379 3809; x_wconf 88' lang='lat' dir='ltr'><strong>quod</strong></span> <span class='ocrx_word' id='word_1_291' title='bbox 407 3730 557 3806; x_wconf 91' lang='lat' dir='ltr'><strong>indicium,</strong></span> <span class='ocrx_word' id='word_1_292' title='bbox 590 3745 647 3807; x_wconf 86' lang='lat' dir='ltr'><strong>quo</strong></span> <span class='ocrx_word' id='word_1_293' title='bbox 677 3728 809 3788; x_wconf 87' lang='lat' dir='ltr'><strong>adiuuem</strong></span> <span class='ocrx_word' id='word_1_294' title='bbox 832 3728 1041 3807; x_wconf 87' lang='lat' dir='ltr'><strong>suspitionem,</strong></span> <span class='ocrx_word' id='word_1_295' title='bbox 1069 3729 1178 3790; x_wconf 92' lang='lat' dir='ltr'><strong>nullum</strong></span> <span class='ocrx_word' id='word_1_296' title='bbox 1200 3728 1334 3792; x_wconf 87' lang='lat' dir='ltr'><strong>inuenio.</strong></span> 
     </span>
     <span class='ocr_line' id='line_1_33' title="bbox 217 3834 1335 3914; baseline 0 -18"><span class='ocrx_word' id='word_1_297' title='bbox 217 3834 242 3896; x_wconf 76' lang='lat' dir='ltr'><strong>lt</strong></span> <span class='ocrx_word' id='word_1_298' title='bbox 272 3853 415 3897; x_wconf 88' lang='lat' dir='ltr'><strong>consessu</strong></span> <span class='ocrx_word' id='word_1_299' title='bbox 444 3836 570 3914; x_wconf 89' lang='lat' dir='ltr'><strong>quodam</strong></span> <span class='ocrx_word' id='word_1_300' title='bbox 596 3836 717 3896; x_wconf 90' lang='lat' dir='ltr'><strong>deorum</strong></span> <span class='ocrx_word' id='word_1_301' title='bbox 746 3835 894 3895; x_wconf 90' lang='lat' dir='ltr'><strong>residuum</strong></span> <span class='ocrx_word' id='word_1_302' title='bbox 923 3835 1038 3896; x_wconf 89' lang='lat' dir='ltr'><strong>uidetur</strong></span> <span class='ocrx_word' id='word_1_303' title='bbox 1070 3836 1105 3896; x_wconf 90' lang='lat' dir='ltr'><strong>ir.</strong></span> <span class='ocrx_word' id='word_1_304' title='bbox 1134 3835 1176 3895; x_wconf 90' lang='lat' dir='ltr'><strong>ll:</strong></span> <span class='ocrx_word' id='word_1_305' title='bbox 1212 3837 1335 3914; x_wconf 89' lang='lat' dir='ltr'><strong>qualem</strong></span> 
     </span>
     <span class='ocr_line' id='line_1_34' title="bbox 218 3939 1333 4020; baseline 0.002 -18"><span class='ocrx_word' id='word_1_306' title='bbox 218 3960 390 4002; x_wconf 91' lang='lat' dir='ltr'><strong>consessum</strong></span> <span class='ocrx_word' id='word_1_307' title='bbox 418 3940 538 4001; x_wconf 87' lang='lat' dir='ltr'><strong>diiboile</strong></span> <span class='ocrx_word' id='word_1_308' title='bbox 571 3949 617 4000; x_wconf 86' lang='lat' dir='ltr'><strong>est</strong></span> <span class='ocrx_word' id='word_1_309' title='bbox 647 3939 794 4016; x_wconf 89' lang='lat' dir='ltr'><strong>diuinare,</strong></span> <span class='ocrx_word' id='word_1_310' title='bbox 831 3941 877 4000; x_wconf 90' lang='lat' dir='ltr'><strong>cui</strong></span> <span class='ocrx_word' id='word_1_311' title='bbox 905 3943 1028 4002; x_wconf 84' lang='lat' dir='ltr'><strong>maxime</strong></span> <span class='ocrx_word' id='word_1_312' title='bbox 1058 3943 1132 4020; x_wconf 91' lang='lat' dir='ltr'><strong>parti</strong></span> <span class='ocrx_word' id='word_1_313' title='bbox 1160 3947 1249 4020; x_wconf 73' lang='lat' dir='ltr'><strong>potita</strong></span> <span class='ocrx_word' id='word_1_314' title='bbox 1285 3944 1333 4004; x_wconf 89' lang='lat' dir='ltr'><strong>ad-</strong></span> 
     </span>
    </p>
   </div>
   <div class='ocr_carea' id='block_1_3' title="bbox 105 4045 1333 4136">
    <p class='ocr_par' dir='ltr' id='par_1_3' title="bbox 105 4045 1333 4136">
     <span class='ocr_line' id='line_1_35' title="bbox 105 4045 1333 4136; baseline 0.001 -30"><span class='ocrx_word' id='word_1_315' title='bbox 105 4131 110 4136; x_wconf 32' lang='lat'>·</span> <span class='ocrx_word' id='word_1_316' title='bbox 218 4049 376 4108; x_wconf 87' lang='lat' dir='ltr'><strong>miscuerit.</strong></span> <span class='ocrx_word' id='word_1_317' title='bbox 412 4048 462 4108; x_wconf 89' lang='lat' dir='ltr'><strong>Sic</strong></span> <span class='ocrx_word' id='word_1_318' title='bbox 487 4047 579 4126; x_wconf 90' lang='lat' dir='ltr'><strong>potuit</strong></span> <span class='ocrx_word' id='word_1_319' title='bbox 599 4047 647 4106; x_wconf 93' lang='lat' dir='ltr'><strong>uel</strong></span> <span class='ocrx_word' id='word_1_320' title='bbox 667 4049 695 4107; x_wconf 93' lang='lat' dir='ltr'><strong>in</strong></span> <span class='ocrx_word' id='word_1_321' title='bbox 710 4047 804 4108; x_wconf 88' lang='lat' dir='ltr'><strong>media</strong></span> <span class='ocrx_word' id='word_1_322' title='bbox 819 4063 916 4125; x_wconf 82' lang='lat' dir='ltr'><strong>pugna</strong></span> <span class='ocrx_word' id='word_1_323' title='bbox 932 4045 1027 4125; x_wconf 88' lang='lat' dir='ltr'><strong>aliqua</strong></span> <span class='ocrx_word' id='word_1_324' title='bbox 1043 4045 1164 4105; x_wconf 83' lang='lat' dir='ltr'><strong>deorum</strong></span> <span class='ocrx_word' id='word_1_325' title='bbox 1180 4045 1333 4122; x_wconf 81' lang='lat' dir='ltr'><strong>auxilium,</strong></span> 
     </span>
    </p>
   </div>
   <div class='ocr_carea' id='block_1_4' title="bbox 218 4149 1333 4339">
    <p class='ocr_par' dir='ltr' id='par_1_4' title="bbox 218 4149 1333 4339">
     <span class='ocr_line' id='line_1_36' title="bbox 220 4149 1333 4233; baseline -0.003 -20"><span class='ocrx_word' id='word_1_326' title='bbox 220 4171 279 4232; x_wconf 88' lang='lat' dir='ltr'><strong>quo</strong></span> <span class='ocrx_word' id='word_1_327' title='bbox 300 4153 431 4216; x_wconf 88' lang='lat' dir='ltr'><strong>alterutri</strong></span> <span class='ocrx_word' id='word_1_328' title='bbox 454 4155 527 4233; x_wconf 90' lang='lat' dir='ltr'><strong>parti</strong></span> <span class='ocrx_word' id='word_1_329' title='bbox 547 4153 662 4213; x_wconf 84' lang='lat' dir='ltr'><strong>felicius</strong></span> <span class='ocrx_word' id='word_1_330' title='bbox 683 4161 816 4212; x_wconf 90' lang='lat' dir='ltr'><strong>uerteret</strong></span> <span class='ocrx_word' id='word_1_331' title='bbox 834 4160 1002 4230; x_wconf 87' lang='lat' dir='ltr'><strong>certamen,</strong></span> <span class='ocrx_word' id='word_1_332' title='bbox 1025 4151 1140 4213; x_wconf 88' lang='lat' dir='ltr'><strong>ascisci.</strong></span> <span class='ocrx_word' id='word_1_333' title='bbox 1179 4149 1212 4210; x_wconf 92' lang='lat' dir='ltr'><strong>ln</strong></span> <span class='ocrx_word' id='word_1_334' title='bbox 1233 4168 1268 4210; x_wconf 90' lang='lat' dir='ltr'><strong>re</strong></span> <span class='ocrx_word' id='word_1_335' title='bbox 1293 4153 1333 4210; x_wconf 92' lang='lat' dir='ltr'><strong>in·</strong></span> 
     </span>
     <span class='ocr_line' id='line_1_37' title="bbox 218 4255 1332 4339; baseline -0.004 -19"><span class='ocrx_word' id='word_1_336' title='bbox 218 4269 298 4320; x_wconf 87' lang='lat' dir='ltr'><strong>certa</strong></span> <span class='ocrx_word' id='word_1_337' title='bbox 313 4260 350 4320; x_wconf 89' lang='lat' dir='ltr'><strong>ad</strong></span> <span class='ocrx_word' id='word_1_338' title='bbox 365 4261 536 4339; x_wconf 90' lang='lat' dir='ltr'><strong>principium</strong></span> <span class='ocrx_word' id='word_1_339' title='bbox 552 4259 616 4319; x_wconf 90' lang='lat' dir='ltr'><strong>libri</strong></span> <span class='ocrx_word' id='word_1_340' title='bbox 634 4277 750 4318; x_wconf 87' lang='lat' dir='ltr'><strong>uersum</strong></span> <span class='ocrx_word' id='word_1_341' title='bbox 767 4259 901 4339; x_wconf 86' lang='lat' dir='ltr'><strong>ascripsi,</strong></span> <span class='ocrx_word' id='word_1_342' title='bbox 918 4275 1004 4338; x_wconf 83' lang='lat' dir='ltr'><strong>quem</strong></span> <span class='ocrx_word' id='word_1_343' title='bbox 1017 4256 1168 4320; x_wconf 85' lang='lat' dir='ltr'><strong>admodum</strong></span> <span class='ocrx_word' id='word_1_344' title='bbox 1184 4255 1332 4317; x_wconf 89' lang='lat' dir='ltr'><strong>llomerus</strong></span> 
     </span>
    </p>
   </div>
   <div class='ocr_carea' id='block_1_5' title="bbox 0 0 1402 4940">
    <p class='ocr_par' dir='ltr' id='par_1_5' title="bbox 0 0 1402 4940">
     <span class='ocr_line' id='line_1_38' title="bbox 0 0 1402 4940; baseline 0 0"><span class='ocrx_word' id='word_1_345' title='bbox 0 0 1402 4940; x_wconf 95' lang='lat' dir='ltr'><strong> </strong></span> 
     </span>
    </p>
   </div>
  </div>
 </body>
</html>
