2796 4948
532 343 771 413 RELIQVIAE
1141 341 1204 408 179

587 511 714 584 XXXII

196 643 321 717 Fronto
339 646 443 738 Epist.
463 645 511 715 IV
531 655 550 718 3
571 669 603 737 p.
622 655 663 726 99
684 646 735 716 ed.
755 646 849 716 Rom.
879 649 1002 740 ‘neque
1024 645 1057 716 id
1085 662 1204 737 repre·

87 748 203 818 hendo
224 753 259 818 te
285 750 378 819 uerbi
400 749 615 820 translatione
638 749 796 820 audacius
820 771 1054 841 progressum:
1082 751 1204 844 quippe

88 851 148 944 qui
172 851 257 920 Enni
280 853 444 922 sententia
470 855 677 922 oratorem
708 852 900 922 audacem
927 875 1022 924 esse
1052 854 1205 926 debere

88 976 257 1023 censeam.
299 955 349 1024 sil
371 975 451 1025 sane
471 955 580 1024 audax
601 957 728 1039 orator,
756 958 792 1023 ut
808 955 934 1025 Ilnnius
952 956 1116 1053 postulat,
1144 959 1204 1028 sed
1281 953 1285 958 ’

88 1057 350 1148 asignifioando
370 1059 458 1150 quod
481 1058 553 1127 uolt
575 1057 686 1152 eloqui
706 1080 869 1152 nusquam
892 1057 1114 1150 digrediatur!

579 1208 720 1279 XXXIII

195 1322 307 1393 Varro
332 1325 373 1394 de
398 1325 435 1396 L.
454 1325 491 1395 L.
518 1325 565 1396 IX
587 1336 647 1397 107
669 1327 711 1396 M.
746 1331 913 1418 ‘oporteat
933 1327 995 1398 dici
1015 1328 1141 1415 solui,
1167 1333 1204 1400 ut

91 1425 176 1497 Cato
198 1432 231 1496 et
251 1427 378 1498 Ennius
400 1427 527 1514 scribit,
555 1451 622 1499 non
642 1434 679 1498 ut
698 1430 774 1500 dicit
792 1430 918 1522 uolgus
940 1430 1059 1502 solitus
1081 1434 1176 1503 sum!

571 1579 716 1651 XXXIV

196 1695 315 1766 Festus
338 1718 370 1787 p.
389 1707 447 1768 351
468 1698 510 1768 M.
538 1697 741 1789 ‘tappete’
761 1697 999 1790 (tappetae,
1020 1699 1118 1772 immo
1135 1707 1204 1773 ta-

88 1803 232 1890 petae,
259 1795 417 1890 Vrsinus)
440 1807 501 1870 ‘ex
522 1799 649 1870 Graeco
674 1798 844 1894 ‘sum[psit]
873 1855 1028 1872 .....
1056 1809 1110 1876 tae
1130 1805 1204 1875 En-

75 1904 166 1972 ·nius
200 1925 274 1972 oum
311 1902 356 1972 ait
393 1907 426 1972 t.
433 1951 734 1973 .........
762 1901 826 1974 lius
858 1905 1101 1978 inDemetrio.’
1154 1909 1203 1979 De

87 2008 247 2096 tapeta,
274 2008 446 2096 tapetae
471 2008 513 2076 of.
539 2005 662 2075 Placidi
689 2005 800 2076 Gloss
831 2008 886 2096 (Α.
910 2009 973 2078 ltlai
1000 2014 1085 2080 auct.
1104 2011 1201 2080 class.

88 2109 233 2199 111481)
262 2109 432 2194 ‘lebeta,
458 2109 539 2193 olla,
567 2108 701 2201 generis
720 2109 884 2180 seminini!

580 2257 712 2330 XXXV

195 2373 333 2444 Seruius
359 2368 393 2443 in
410 2375 494 2446 Aen.
512 2374 572 2445 XII
592 2385 653 2447 298
685 2381 777 2445 ‘nam
798 2375 877 2448 illud
897 2375 991 2446 Ennii
1017 2386 1049 2446 et
1067 2375 1203 2446 Pacuuii

88 2478 223 2569 penitus
250 2477 291 2546 de
315 2501 380 2548 usu
409 2479 563 2565 recessil,
591 2481 628 2548 ut
653 2477 718 2548 hio
740 2482 899 2566 torrus,
927 2479 1025 2548 huius
1044 2479 1125 2550 torri
1148 2479 1203 2550 di-

88 2579 225 2651 camus!

574 2683 719 2755 XXXVI

195 2811 334 2882 Seruius
367 2812 401 2881 in
424 2813 509 2884 Aen.
536 2813 585 2883 VI
610 2822 670 2884 779
707 2813 868 2883 ‘uidenz
907 2813 982 2882 den
1010 2814 1203 2884 naturaliter

87 2917 195 3008 longa
213 2920 273 3000 est,
301 2914 435 3014 breuem
450 2920 559 2986 tamen
578 2917 664 2987 eam'
688 2916 828 3006 (etiam
848 2916 921 2986 cod.
940 2916 1049 3008 lluld.)
1074 2918 1202 3008 ‘posuit

89 3022 227 3088 secutus
247 3018 408 3088 Ennium!

563 3121 723 3192 XXXVII

103 3353 104 3356 Ἴ
195 3251 396 3322 Censorinus
419 3253 460 3323 de
482 3254 534 3323 die
558 3257 623 3324 nat.
648 3277 675 3323 o.
698 3263 736 3324 19
763 3278 794 3346 p.
818 3264 858 3324 57
883 3253 978 3354 Jahn.
1007 3253 1087 3323 ‘hoo
1114 3256 1202 3322 tem·

87 3354 170 3448 pus'
199 3356 267 3445 (so.
290 3357 420 3446 annus)
451 3361 550 3449 ‘quot
579 3358 705 3427 dierum
731 3361 820 3428 esset
843 3358 886 3427 ad
907 3359 1030 3426 certum
1055 3357 1202 3425 nondum

87 3457 253 3550 astrologi
278 3460 423 3551 reperire
450 3465 636 3551 potuerunt.
684 3461 852 3531 Philolaus
874 3480 993 3528 annum
1019 3458 1202 3550 naturalem

88 3561 316 3735 {iginiiiriie
349 3563 493 3653 prodidit
530 3562 713 3634 CCCLXIII
863 3567 896 3632 at
928 3564 1044 3630 noster
1074 3561 1200 3630 Ennius

561 3781 734 3854 XXXVIII

195 3911 397 3983 Censorinus
422 3914 463 3983 de
487 3914 539 3983 die
563 3918 628 3984 nat.
653 3938 680 3983 o.
699 3923 739 3983 24
767 3937 799 4005 p.
822 3924 859 3985 71
886 3913 981 3984 Jahn.
1016 3916 1109 4003 ‘post
1137 3935 1200 3982 su-

89 4037 236 4106 premam
259 4018 408 4109 sequitur
436 4039 592 4107 uespera,
621 4022 696 4086 ante
719 4021 824 4086 ortum
850 4017 973 4086 seilicet
993 4016 1064 4086 eius
1084 4015 1200 4084 stellae

90 4141 190 4210 quarn
210 4118 349 4190 Plautus
373 4120 646 4212 uesperuginem
682 4121 808 4190 Ennius
833 4142 1072 4212 uesperum,
1107 4117 1199 4188 Ver-

90 4222 191 4312 gilius
213 4221 380 4313 hesperon
400 4223 562 4313 appellat!
