2770 4946
464 351 473 358 ’
512 383 755 455 nurrovmu
857 469 860 480 Ι

587 551 678 624 CXX

83 691 155 754 585·
175 734 621 752 ........
676 684 727 754 eia
749 685 941 758 machaeras

570 832 674 906 CXXI

175 1015 432 1034 .....
486 983 570 1033 saxo
590 985 665 1034 cere
687 965 876 1035 comminuit
896 966 988 1036 brurn

570 1112 689 1185 CXXII

172 1283 430 1300 .....
485 1252 583 1324 quem
604 1254 670 1301 non
690 1231 821 1302 uirtutIs
839 1237 994 1326 egentem

556 1380 690 1454 CXXIII

171 1552 178 1567 .
234 1553 242 1568 .
297 1551 305 1568 .
358 1501 566 1598 funduntque
585 1504 681 1575 elatis
701 1506 835 1576 naribus
853 1505 959 1575 lucem

551 1652 692 1726 CXXIV

167 1822 549 1843 .......
603 1774 737 1868 teloque
756 1775 873 1846 trabali

232 2010 237 2018 ,
553 1921 679 1993 CXXV

76 2047 136 2108 590
541 2039 702 2132 aplustria

62 2241 117 2289 nius
136 2241 162 2289 in
181 2241 247 2289 Aen.
268 2240 305 2288 VI
326 2239 378 2291 705
407 2241 571 2305 ‘praeustam
599 2241 755 2308 praeterlluit
780 2247 804 2291 et
830 2239 954 2291 contrarie
979 2239 1080 2288 dicitur.
1113 2238 1177 2288 Nam

62 2324 109 2358 non
125 2316 214 2359 natant
234 2323 316 2373 aquae
335 2317 374 2358 set
387 2323 434 2359 uos
447 2311 474 2360 in
494 2312 559 2376 ipsis
575 2321 700 2362 natamus.
737 2311 847 2360 Ennium
869 2312 947 2376 igitur
964 2317 1066 2358 secutus
1079 2316 1117 2358 est
1132 2310 1177 2372 qui

61 2379 107 2428 ait:
133 2378 329 2441 fluctusque
350 2383 520 2430 natantes.'
594 2381 664 2432 CXX
681 2381 787 2432 Seruius
801 2382 827 2430 iu
842 2381 905 2429 Aen.
919 2380 956 2429 IX
971 2377 1116 2429 38‘hcsti
1130 2379 1176 2428 ad-

62 2449 163 2512 estete:
184 2447 228 2498 hic
244 2448 468 2512 distinguendum,
488 2458 516 2498 ut
531 2451 581 2500 eia
596 2451 705 2500 militum
720 2452 754 2500 sit
766 2450 958 2514 properantium
970 2449 1079 2506 clamor;
1098 2454 1122 2497 et
1137 2455 1175 2498 est

61 2519 202 2568 Ennianum
213 2518 256 2582 qui
267 2519 315 2566 ait:
336 2518 388 2566 eia
403 2517 615 2569 machaeras·
634 2520 708 2587 (qui
725 2519 828 2569 itlreia
843 2535 877 2568 m.
890 2519 963 2569 Laid.
978 2518 1004 2567 b.
1021 2518 1096 2580 quis
1111 2518 1174 2568 iam

61 2602 92 2635 m.
110 2586 191 2654 Reg.)
230 2586 277 2637 Cui
297 2601 417 2636 uersuum
437 2590 525 2652 generi
546 2591 726 2639 ascribendum
746 2589 779 2638 sit
798 2589 944 2653 poematica
962 2587 1068 2637 dubium
1089 2595 1175 2636 censet

43 2699 45 2707 ,
61 2656 238 2707 Lachmanuus
253 2657 287 2707 ad
300 2657 375 2706 Lucr.
392 2655 493 2708 111374
508 2659 593 2724 pnes
611 2660 658 2709 sed
672 2659 706 2708 cl.
723 2657 878 2708 Ritsclrelius
891 2656 958 2706 Prol.
973 2656 1044 2705 Tria.
1059 2655 1173 2720 p.CXCl

60 2727 254 2792 Parerg.1454
322 2725 404 2776 CXXI
430 2725 536 2776 Seruius
555 2729 581 2778 in
604 2729 668 2778 Aen.
690 2730 701 2777 1
724 2729 775 2778 412
802 2725 862 2776 ‘serl
881 2726 943 2776 hoc’
962 2725 1077 2791 (tmesim
1096 2724 1172 2790 dicit)

61 2796 208 2846 ‘tolerabile
220 2803 259 2846 est
272 2796 299 2844 in
313 2809 430 2846 sermone
443 2799 600 2862 composito;
615 2806 726 2848 ceterum
741 2799 766 2846 iu
778 2797 890 2862 simplici
902 2796 978 2845 nimis
992 2801 1029 2844 εει
1041 2808 1171 2860 asperum,

60 2863 499 2928 quodtamenlaciebatantiquitas
517 2874 545 2915 ut
563 2867 603 2916 iu:
628 2869 704 2916 saxo·
725 2883 747 2916 ε.
765 2881 826 2930 qs.
864 2865 918 2932 (ut
937 2866 968 2914 iu
988 2863 1049 2913 illo
1068 2865 1172 2914 Ennii

60 2934 206 2994 Fabricius,
233 2935 371 2995 Columna,
396 2936 439 2998 qui
461 2937 487 2984 iu
506 2937 590 3002 Mspto
610 2935 716 2986 Sertorii
731 2935 896 2996 Quadrimani
916 2951 949 2985 ex
970 2935 1051 2984 Ennio
1069 2948 1172 2986 uersum

60 3004 127 3055 citari
142 3003 264 3069 testatur)
300 3004 415 3054 Donatus
437 3005 468 3054 de
483 3007 564 3071 tropis
583 3021 609 3070 p.
630 3006 697 3057 1777
711 3007 739 3058 P.
764 3005 811 3071 (35
824 3002 916 3068 Lind.)
940 2999 1055 3068 ιτμῆσις
1129 3011 1169 3054 ut:

60 3081 153 3138 septem
166 3073 283 3132 subiecta
299 3074 384 3132 trioni;
405 3082 440 3124 et:
464 3077 540 3124 saxo'
560 3091 582 3124 e.
599 3092 625 3137 q.
640 3091 660 3124 s.
733 3074 827 3126 CXXII
845 3071 951 3124 Seruius
965 3075 992 3122 in
1008 3074 1071 3122 Aen.
1088 3073 1125 3126 XI
1138 3075 1173 3124 27

61 3145 145 3205 ‘quern
156 3158 208 3194 non
220 3144 321 3193 uirtutis
331 3152 461 3208 egentem:
475 3145 551 3194 Ennii
561 3159 651 3195 uersus
661 3145 717 3193 est.'
775 3143 882 3194 CXXIII
896 3142 1001 3194 Seruius
1011 3143 1037 3192 iu
1047 3144 1111 3193 Aen.
1122 3142 1172 3194 XII

62 3211 106 3264 115
121 3215 272 3277 ‘lucemque
284 3213 358 3263 elatis
371 3214 475 3262 naribus
490 3213 589 3264 elllant:
606 3213 737 3263 Ennianus
750 3228 840 3263 uersus
854 3221 892 3263 est
904 3213 993 3264 ordine
1007 3220 1170 3264 commutato.

61 3281 102 3332 Ille
115 3285 184 3334 enim
198 3282 246 3332 ait:
262 3282 432 3345 qudtrntque'
446 3299 468 3332 e.
480 3299 504 3347 q.
516 3299 537 3334 s.
555 3283 649 3333 Marius
657 3284 803 3333 Victorinus
813 3299 839 3349 p.
849 3283 950 3334 247212.
966 3280 1067 3350 (310.)
1082 3283 1170 3333 ‘uide-

59 3357 96 3400 tur
107 3352 227 3417 plurimis
239 3367 295 3402 esse
308 3352 410 3415 quintus
423 3354 595 3402 communium
609 3351 766 3417 syllabarum
778 3353 884 3412 modus,
909 3354 952 3416 qui
963 3352 1032 3418 apud
1043 3351 1170 3402 Lucilium

61 3427 83 3468 et
94 3430 193 3472 ueteres
206 3422 299 3471 multos
311 3429 349 3472 est
361 3420 544 3485 frequentatus,
558 3430 585 3471 ut
598 3430 715 3488 correpta
728 3422 825 3472 uocalis
839 3422 939 3472 desinat
953 3423 979 3470 iu
993 3437 1005 3472 s
1020 3428 1043 3470 et
1056 3421 1170 3487 excipia-

60 3496 96 3538 tur
108 3492 140 3540 ab
155 3492 208 3542 alia
222 3490 370 3541 consonanti
382 3492 423 3541 uel
436 3493 520 3550 uocali
534 3492 590 3541 loco
605 3492 767 3542 consonantis
781 3493 874 3556 posita,
891 3498 919 3539 ut
933 3499 970 3541 est
983 3490 1060 3540 illud:
1081 3489 1167 3556 [Lucr.

60 3559 91 3608 IV
107 3559 184 3626 1207]
212 3562 324 3611 etitem:
344 3560 482 3624 efflautque
501 3561 575 3612 elatis
596 3562 699 3611 naribus
718 3561 819 3610 lucem.'
891 3555 997 3610 CXXIV
1020 3558 1126 3609 Seruius
1143 3561 1169 3610 in

61 3629 120 3678 Aen.
130 3630 180 3680 XII
190 3629 243 3681 294
262 3630 378 3694 ‘teloque
391 3639 504 3681 orantem
518 3631 598 3680 multa
611 3631 712 3680 trabali.
734 3631 830 3680 Equus
848 3630 898 3678 ...⁹
970 3627 1064 3679 CXXV
1083 3627 1166 3679 Gloss'.

60 3696 135 3748 Labb.
151 3699 329 3766 ‘aplustra‘
342 3699 511 3766 (aplustre
521 3701 587 3750 coni.
599 3699 628 3749 B.
641 3697 796 3764 Vulcanius)
811 3689 931 3762 ‘araquio
944 3695 1046 3747 πλοίου
1056 3687 1168 3755 ὡς’Ἑν-

60 3771 134 3825 arros.¹
157 3769 197 3820 CI.
212 3770 307 3819 Paulus
319 3769 387 3820 Festi
402 3785 428 3835 p.
447 3769 478 3821 10
490 3769 523 3818 M.
545 3769 728 3835 ‘aplustria
740 3771 844 3819 nauium
858 3775 1012 3828 ornamenta,
1029 3783 1094 3832 quae
1108 3769 1168 3829 quia

61 3847 126 3887 eraut
137 3839 260 3904 amplius,
277 3854 352 3903 quam
366 3847 451 3889 essent
462 3841 607 3890 necessaria
621 3855 678 3900 usu,
695 3839 771 3889 etiam
790 3839 985 3904 amplustria
1000 3837 1166 3890 dicebantur.’

60 3906 199 3958 Priscianus
208 3909 256 3958 Vll
266 3907 352 3975 prus
360 3909 388 3959 P.
402 3907 522 3975 (lpana
533 3907 579 3973 II.)
594 3910 759 3974 ‘aplustra
772 3909 840 3958 enim
854 3915 879 3958 et
892 3908 1055 3974 aplustria
1069 3908 1167 3970 antiqui

99 4113 149 4168 585
170 4110 318 4168 macheras
343 4111 419 4168 Leto.
447 4113 473 4167 0.
500 4111 650 4168 machaera
674 4111 744 4184 Req.
770 4111 810 4183 cf.
830 4125 920 4182 supro
1026 4115 1078 4170 588
1106 4113 1166 4168 qu-

62 4191 177 4265 duntque
193 4194 318 4252 Stratius.
336 4197 486 4270 elllantque
501 4195 577 4252 Mor.
601 4195 756 4254 Victorinus
862 4200 915 4256 590
936 4197 1061 4272 aplustra
1077 4197 1163 4255 Closs·
1252 4227 1258 4240 ·

61 4281 190 4349 aplustria
202 4279 309 4338 Paulus
