2796 4948
516 378 761 451 annrovmn
1130 381 1192 447 183

78 577 142 645 per
153 576 211 638 ao,
230 552 321 643 quod
340 572 523 622 maerorem
542 551 683 620 nutriat?
712 551 803 622 llaec
820 555 953 626 suenmt
967 556 1021 649 qui
1036 557 1078 626 ad
1096 557 1191 627 eius-

79 659 156 727 dem
184 655 326 726 nominis
359 654 609 748 grammaticum
642 655 876 745 posteriorem,
920 661 1014 728 cuius
1045 660 1190 730 notitiam

78 782 168 830 unus
189 758 371 829 Suetonius
398 757 439 828 dc
467 780 604 850 gramm.
626 779 653 828 c.
678 766 693 828 1
716 759 864 848 tradidit,
891 764 1015 832 relcrre
1034 785 1100 833 non
1124 764 1192 834 du·
1284 859 1287 865 Ι
1354 843 1358 852 ,

79 865 221 934 bitarcnt

590 961 680 1032 LVll

185 1080 301 1152 Cicero
319 1082 416 1150 Tusc.
436 1081 519 1172 disp.
540 1081 588 1150 IV
611 1090 661 1168 23,
681 1092 722 1153 52
750 1088 809 1152 ‘an
828 1084 879 1151 est
901 1081 1075 1176 quicquam
1096 1083 1191 1152 simi-

78 1187 144 1255 lius
170 1183 319 1254 insaniae
338 1207 436 1277 quam
457 1185 521 1268 ira,
556 1207 653 1279 quam
677 1187 760 1256 bene
782 1185 909 1255 Ennius
928 1185 1091 1256 initium
1109 1185 1190 1256 dixit

77 1286 306 1358 iusaniac‘t’

584 1389 688 1460 LVIII

184 1503 299 1574 Cicero
320 1504 360 1573 de
379 1504 444 1573 diu.
464 1504 492 1574 H
510 1514 560 1590 54,
587 1515 644 1576 111
675 1513 758 1577 ‘non
782 1529 858 1576 esse
877 1511 986 1576 autem
1008 1505 1088 1576 illud
1112 1528 1189 1576 car-

77 1608 315 1679 mensurantis
343 1629 414 1676 cum
446 1607 554 1698 ipsum
579 1613 698 1700 poema
723 1611 867 1680 declarat
888 1611 954 1699 (est
975 1610 1059 1678 enim
1080 1609 1188 1702 magis

77 1713 159 1781 artis
188 1714 222 1779 et
248 1709 436 1802 diligentiae
463 1733 560 1805 quam
584 1713 779 1784 incitationis
805 1717 837 1784 ct
857 1715 980 1804 motus)
1010 1716 1079 1782 tum
1106 1735 1187 1782 ucro

77 1837 132 1900 ea,
163 1836 249 1906 quae
272 1804 469 1906 ἆκροστιχίς
482 1815 614 1902 dicitur,
643 1839 716 1886 cum
735 1817 889 1908 deinceps
912 1841 954 1888 ex
974 1816 1086 1908 primis
1106 1838 1188 1885 uer·

77 1931 175 1988 suum
200 1916 315 1986 litteris
338 1915 460 2010 aliquid
479 1919 674 2006 conectitur,
700 1919 785 1989 utin
804 1920 998 2014 quibusdam
1012 1919 1186 1988 Ennianis:

77 2021 115 2106 Q.
139 2019 302 2090 ENNIVS
325 2017 469 2089 FECIT:
511 2022 573 2110 (sic
594 2023 752 2094 Auratuu
780 2046 884 2116 quae
905 2020 1065 2094 Ennius
1087 2022 1186 2091 fecit

76 2124 230 2217 plerique
251 2123 343 2208 edd,
367 2145 431 2192 om.
451 2123 519 2215 alii)

182 2326 438 2398 Fortunatianus
456 2328 497 2397 dc
516 2328 590 2398 dial.
614 2329 762 2419 (auctore
777 2326 936 2398 Columna
950 2351 982 2418 p.
994 2331 1069 2422 332)
1094 2332 1187 2399 ‘sunt

75 2432 132 2525 qui
156 2431 294 2501 uerbum
315 2455 336 2502 a
356 2453 437 2502 uero
460 2432 590 2525 quidem
611 2436 727 2523 putant
745 2432 883 2519 dictum3
912 2431 971 2500 sed
988 2433 1094 2521 prima
1111 2433 1187 2524 syl·

74 2535 153 2604 laba
180 2536 262 2604 satis
291 2535 522 2605 animaduersa
550 2536 727 2606 secundam
760 2533 895 2627 neglegi
926 2555 992 2602 non
1022 2539 1185 2626 oportere.

75 2637 225 2706 Verbum
250 2638 432 2708 enimcum
458 2638 611 2723 dicimus,
640 2639 807 2730 inquiunt,
835 2637 940 2728 prima
962 2637 1034 2706 eius
1056 2638 1186 2728 syllaba

74 2761 192 2810 uerum
218 2742 400 2833 significat3
428 2743 574 2812 secunda
593 2763 721 2812 sonum.
770 2741 842 2810 Hoc
866 2740 952 2809 cnim
973 2739 1091 2810 uolunt
1109 2761 1185 2810 csse

74 2845 163 2913 bum.
221 2844 319 2915 Vnde
352 2846 478 2916 Ennius
514 2868 632 2917 sonum
662 2845 784 2937 pedum
823 2845 1002 2913 bombum
1042 2845 1186 2936 pedum

73 2946 177 3018 dixit!

128 3137 130 3139 ,
598 3052 658 3122 LX

179 3167 269 3237 ldcm
297 3165 458 3238 Columna
480 3192 511 3259 p.
534 3179 596 3240 329
624 3193 667 3240 cx
695 3167 810 3260 ‘antiq.
831 3167 947 3260 gloss?
974 3165 1069 3237 affert
1096 3170 1185 3237 tam·

74 3293 175 3364 quam
193 3269 358 3340 Enniana:
386 3271 522 3342 locum
544 3276 576 3344 et
599 3272 768 3366 regredi
788 3271 1000 3363 gressum!
