2784 4940
226 389 312 438 xxvr
627 377 939 446 QVAESTIONES

147 592 155 620 ,
226 549 290 608 nius
315 547 429 608 uidetur
457 564 474 606 a
503 545 624 606 Graecis
656 551 800 604 mutuatus
833 561 918 621 esse,
954 546 1020 606 uide
1044 545 1231 608 Niebubrium
1258 545 1320 605 llist.

229 653 313 714 llom.
336 652 349 712 l
373 671 407 731 p.
430 650 489 712 25:
525 653 574 731 qui
601 650 678 729 quod
706 651 772 712 adn.
795 651 833 712 41
854 668 941 712 uersu
962 653 1013 714 illo
1036 651 1137 733 (XXI)
1151 656 1322 730 perhibebunt

227 759 286 836 legi
318 758 415 835 iubet,
446 774 504 818 nou
535 756 693 817 adsentior.
750 757 910 820 Saturniam
945 769 1040 821 autem
1073 769 1180 822 terram
1215 767 1248 818 ut
1274 758 1322 818 buc

226 875 329 926 tenore
350 865 523 944 adpellatnm
546 883 613 926 esse
635 863 789 944 probabile
814 874 870 941 est,
893 868 931 928 its
953 865 1062 928 Ennius
1085 884 1144 947 quo
1165 867 1228 927 eius
1243 867 1321 925 nomi·

226 974 270 1033 nis
293 974 434 1051 originem
456 973 579 1050 aperiat,
604 990 658 1051 per
681 972 806 1050 episodii
828 974 1016 1036 occasionem
1042 972 1157 1034 tabulas
1186 972 1321 1051 expromi

226 1081 342 1142 Saturni
366 1080 554 1158 Titanumque
586 1078 743 1138 certamina
767 1080 937 1158 perstringit
959 1079 1080 1160 (XXlV.
1096 1077 1189 1140 XXV.
1208 1077 1320 1155 XXVl).

226 1185 415 1248 Oenidenter
433 1185 550 1264 loquor,
571 1202 741 1264 quamquam
762 1203 820 1248 non
840 1186 906 1266 plus
928 1196 1047 1266 praesto
1069 1205 1155 1268 quam
1172 1187 1248 1246 banc
1265 1201 1321 1264 pru·

226 1294 401 1356 habiliorem
420 1293 561 1352 rationem
580 1291 673 1352 uideri
695 1311 730 1353 ea
755 1311 811 1373 qua
831 1293 880 1354 alii
903 1293 958 1354 hos
980 1310 1085 1354 uersus
1114 1293 1320 1372 disposuerunt.

225 1400 413 1480 lnprohabile
436 1401 511 1461 euim
528 1399 595 1460 dieo
616 1400 664 1461 uel
686 1401 767 1477 illud,
791 1401 869 1480 quod
893 1399 1024 1476 Remum,
1047 1417 1111 1460 cnm
1130 1399 1321 1461 urbismumn

227 1509 394 1585 transiliret,
417 1507 562 1585 llbcrgiua
585 1507 768 1568 exclamasse
791 1508 818 1569 io
841 1507 917 1569 hunc
937 1507 1051 1568 modum
1080 1508 1238 1588 opinatur:
1263 1508 1320 1578 Iop-

221 1624 298 1694 piter
330 1625 359 1676 ut
386 1635 466 1675 muro
493 1617 586 1691 fretus
612 1620 699 1692 mupu
729 1621 847 1692 quamde
876 1636 976 1678 munita
1006 1621 1036 1676 ιιι·
1067 1612 1219 1694 (XXVI).
1268 1608 1322 1670 Nou

226 1724 319 1800 magis
335 1722 430 1801 probo
450 1719 527 1799 quod
547 1720 584 1780 ir.
607 1719 711 1782 XXIV.
734 1720 817 1783 XXV
844 1721 1009 1785 Euhemero
1032 1722 1094 1782 siue
1117 1735 1222 1778 sacrae
1244 1716 1321 1776 bisto-

226 1831 288 1890 riae
311 1827 477 1888 Xrabuerus
505 1827 541 1888 dc
571 1830 668 1889 causis
690 1847 768 1890 oorr.
791 1829 876 1908 relig.
899 1830 982 1892 Rom.
1011 1847 1039 1907 p.
1062 1827 1102 1888 th
1122 1823 1252 1884 ascribit.
1284 1817 1321 1879 ct.

228 1935 397 2009 Bernhardy
417 1932 481 1993 Luc.
505 1933 589 1993 llom.
612 1953 641 2014 p.
663 1924 734 1998 366.
771 1935 871 1997 llideun
888 1936 988 1998 iacere
1002 1938 1081 1996 uisus
1097 1942 1143 1994 est
1156 1931 1321 2001 Lactantius,

228 2043 277 2120 qui
299 2040 356 2101 diu.
383 2041 448 2100 inst.
474 2038 487 2100 l
514 2059 539 2100 c.
575 2041 611 2101 tt
641 2058 679 2100 ex
707 2059 743 2101 eo
771 2041 848 2102 libro
876 2042 949 2104 haec
976 2051 1089 2104 narrat:
1124 2045 1223 2100 uude
1254 2041 1322 2098 Titan

222 2160 371 2224 postquem
406 2153 518 2208 resoluit
551 2150 672 2208 Saturno
701 2153 774 2224 filios
800 2161 964 2224 procreatos
995 2161 1078 2226 atquc
1114 2150 1244 2206 educam
1274 2157 1322 2202 otte

227 2261 313 2327 elom,
342 2259 446 2314 seducit
474 2272 567 2314 seeum
593 2259 665 2329 filios
697 2275 763 2316 suos
786 2262 835 2331 qui
860 2260 952 2316 Titani
979 2263 1130 2329 uocantur,
1160 2258 1323 2331 freamque

228 2383 308 2422 suum
338 2366 491 2422 Saturnum
519 2370 601 2438 oque
631 2365 717 2437 Opem
743 2367 950 2440 comprehendet
975 2380 1074 2439 eosque
1103 2383 1183 2423 muro
1215 2368 1321 2422 cirum

229 2475 282 2544 epit
306 2479 332 2528 et
363 2472 514 2528 mumdum
538 2471 581 2526 bu
609 2472 723 2543 adponit
748 2468 839 2546 (Eub.
864 2469 929 2548 lV).
981 2466 1094 2546 Nempe
1115 2470 1249 2547 congruit
1270 2481 1322 2526 cun

122 2593 126 2600 ·
231 2574 290 2636 illis
312 2574 348 2634 lr.
371 2571 464 2649 XXV,
491 2575 569 2654 qnod
591 2574 654 2633 siue
675 2574 772 2636 indice
791 2575 856 2637 lihri
878 2575 989 2636 Nonius
1012 2592 1041 2653 p.
1065 2573 1138 2651 216,
1162 2574 1203 2637 29
1225 2574 1320 2636 citauit.

228 2682 269 2742 At
289 2700 324 2743 ea
348 2685 540 2758 congruentia
561 2699 620 2743 nun
642 2683 759 2759 suffieit,
783 2693 824 2760 ut,
846 2687 870 2744 si
893 2683 971 2746 nulla
987 2684 1043 2760 alia
1062 2701 1095 2744 re
1119 2683 1321 2744 commendatur

228 2791 417 2866 coniectura,
448 2791 475 2850 ci
500 2789 575 2850 libro
598 2790 759 2850 inseramus
783 2790 983 2868 iragmentum.
1023 2790 1115 2864 Quam
1141 2790 1230 2852 multu
1258 2788 1321 2848 enin
1367 2859 1368 2872 ἢ

229 2896 338 2956 Ennius
368 2897 462 2976 potuit
489 2896 517 2954 in
546 2895 703 2956 annalibus
725 2897 773 2956 uel
805 2896 1003 2976 episudiorum
1027 2897 1150 2958 artificio
1178 2900 1320 2974 attingere,

230 3022 305 3084 quae
332 3004 447 3083 plenius
473 3011 522 3066 aut
551 3012 617 3063 ante
646 3012 823 3065 tractauerat
856 3011 905 3064 aut
931 3011 1104 3064 tractaturus
1132 3013 1195 3066 erat
1222 3007 1250 3064 in
1273 3001 1320 3062 alic

229 3111 315 3173 libro.
360 3111 406 3172 Ac
426 3129 529 3172 uersus
549 3119 595 3171 est
616 3109 692 3170 istud
715 3109 915 3188 fragmentum,
936 3127 992 3170 oon
1011 3087 1126 3188 integre
1139 3112 1253 3191 quidem
1269 3125 1320 3169 ser·

229 3227 323 3296 uatus,
346 3219 399 3280 sed
420 3220 459 3280 ita
479 3228 509 3278 ut
531 3218 590 3278 leni
615 3218 772 3278 mutatione
795 3216 888 3278 honus
912 3215 1082 3278 hexameter
1097 3228 1193 3279 exeat.
1237 3216 1320 3279 liube-

228 3345 338 3388 merum
359 3343 450 3402 uero,
470 3334 501 3385 ut
522 3343 639 3386 carmen
657 3323 761 3400 inerit,
789 3324 888 3384 beroia
909 3323 1042 3384 uersibus
1070 3334 1217 3386 excretum
1241 3323 1321 3384 fuisse

231 3451 322 3512 aegre
350 3433 483 3492 euincas:
511 3432 562 3492 illo
585 3431 700 3511 quidem
724 3449 811 3492 uersu
836 3432 884 3510 qui
907 3439 1010 3505 caute,
1037 3448 1094 3492 noo
1115 3439 1243 3508 temere,
1270 3441 1320 3488 nem

229 3558 318 3619 agere
344 3542 421 3619 cupit
443 3556 501 3599 non
522 3538 643 3599 debebit
665 3539 754 3598 inuiti.
799 3538 897 3618 Atque
920 3536 1065 3616 llhengius
1086 3540 1115 3598 iu
1140 3539 1212 3616 ipsis
1236 3535 1320 3598 liube-

228 3649 301 3708 meri
323 3647 454 3726 reliquiis
466 3645 623 3708 trochaeos
644 3645 691 3732 uel
706 3646 910 3707 troebaeornn
925 3643 1083 3723 particulas
1096 3646 1237 3725 detegere
1254 3645 1321 3704 uisus

229 3765 290 3816 est:
314 3753 409 3833 quode
432 3754 514 3833 plura
532 3753 626 3814 dicam
645 3752 730 3829 inira,
750 3771 815 3812 cum
837 3751 873 3812 ad
895 3750 971 3810 bunc
993 3751 1088 3812 locum
1101 3754 1155 3813 erit
1168 3753 1320 3814 deuectum.

228 3863 267 3922 tlt
296 3860 366 3922 illud
396 3862 547 3941 uitupero‚
579 3860 656 3939 quod
684 3859 762 3920 idem
787 3858 894 3919 abusus
918 3857 994 3918 bona
1022 3859 1193 3938 ceteroquin
1216 3855 1320 3920 coniec-

228 3981 291 4031 tura
331 3969 366 4029 ir.
400 3967 503 4047 XXV,
547 3985 604 4047 quo
643 3965 809 4028 Euhemero
844 3964 1026 4041 ascribetur,
1062 3967 1091 4026 in
1123 3973 1244 4028 metrum
1271 3971 1320 4021 tro·

229 4076 361 4138 choicum
393 4076 548 4138 uiolentius
579 4076 735 4155 detorquet
767 4082 797 4133 et
829 4073 932 4134 eudem
964 4091 1100 4149 numero,
1138 4091 1195 4136 non
1226 4074 1320 4136 neruo,

229 4200 315 4265 quem
343 4185 449 4263 recipit
475 4202 527 4244 sua
555 4191 660 4261 sponte
681 4181 861 4257 uersiculus,
890 4179 925 4241 ir.
948 4179 1043 4242 XXlV
1066 4181 1224 4242 dimetitur:
1253 4169 1320 4257 quod

230 4310 267 4355 eu
291 4291 450 4372 procliuius
473 4290 508 4352 sd
529 4289 648 4351 annales
670 4287 781 4363 reiero,
803 4305 866 4348 cum
886 4305 1005 4364 uersus,
1028 4306 1114 4368 quem
1134 4305 1199 4349 cum
1228 4283 1321 4347 illoti
