2752 4944
540 393 782 468 nnttovtntt

114 680 181 742 390
207 669 418 742 Obcumbunt
435 668 527 740 multi
548 567 827 764 letumflierroque
847 669 979 764 lapique

208 777 277 846 hut
292 775 380 844 intra
397 795 512 873 muros
529 777 587 842 aut
604 779 700 844 extra
718 774 873 866 praecipe
894 795 986 844 casu.

638 909 679 981 ΠΙ

206 1029 391 1102 Macrobius
414 1029 483 1101 Sat.
507 1029 554 1100 Vl
573 1039 594 1099 2
616 1053 648 1121 p.
666 1039 727 1100 514
744 1029 816 1100 Jan.
846 1029 939 1098 ‘item
956 1029 997 1098 de
1014 1027 1166 1098 Pandaro
1183 1031 1216 1096 et

103 1135 192 1204 Bitia
209 1135 431 1227 aperientibus
451 1139 565 1226 portas
584 1131 932 1224 [Verg.hen.lX672]
953 1131 1216 1222 locusaoceptus

102 1242 157 1308 est
179 1260 223 1308 ex
247 1239 331 1308 libro
357 1238 471 1332 quinto
492 1237 619 1308 decimo
637 1235 733 1306 Ennii
755 1235 811 1328 qui
836 1235 959 1306 inducit
975 1235 1108 1306 Histros
1129 1233 1216 1305 duos

101 1343 136 1410 in
165 1341 337 1413 obsidione
359 1341 511 1432 erupisse
530 1345 628 1433 porta
646 1343 681 1412 et
704 1342 851 1433 stragem
871 1339 913 1409 de
936 1337 1107 1409 obsidente
1120 1336 1229 1408 hoste.

100 1444 245 1515 iecisse?

621 1543 671 1616 IV
683 1543 700 1581 ὴ

208 1701 465 1720 .....
518 1647 674 1720 succincti
694 1649 796 1718 corda
813 1647 996 1720 machaeris

534 1783 551 1822 'tt
774 1783 791 1821 ὴ

653 1842 669 1880 *

208 2027 318 2098 Arcus
337 2027 393 2097 ubi
414 2027 588 2120 aspicitur,
616 1921 808 2098 mirtalibus
831 2044 917 2120 quae
941 2020 1139 2116 perhibetur.

529 2331 687 2415 tibuit
719 2331 791 2415 xit

652 2542 665 2613 l

209 2657 336 2728 Plinius
354 2659 424 2726 Nat.
444 2657 527 2728 Hist.
547 2658 608 2729 Vll
632 2669 687 2728 101
718 2659 893 2728 ‘fortitudo
919 2657 1039 2748 inquo
1063 2673 1215 2722 maxume

103 2761 249 2830 extiterit
273 2760 441 2830 inmensae
466 2762 670 2855 quaestionis
695 2767 763 2848 est,
789 2763 902 2856 utique
926 2759 953 2829 si
974 2757 1104 2848 po'e‘tica
1127 2755 1215 2824 reci-

103 2863 215 2954 piatur
239 2864 445 2934 fabulositas.
494 2865 531 2949 Ο.
560 2865 686 2935 Ennius
714 2865 750 2956 L,
774 2862 1000 2936 Caecilium
1024 2861 1215 2930 Dentrem

104 2966 159 3054 (L.
179 2965 328 3038 Hochius
355 2968 397 3037 de
417 2967 500 3037 Enn.
522 2991 597 3041 ann.
625 2970 744 3062 fragm.
767 2969 842 3040 aP.
868 2969 946 3038 Mer.
975 2964 1080 3034 auctis
1109 2985 1140 3056 p.
1163 2972 1214 3033 47.

105 3168 152 3218 lib.
169 3169 217 3218 XV
232 3171 285 3218 ...'
357 3170 381 3218 Il
402 3169 548 3222 Priscianus
559 3172 595 3220 VI
615 3188 640 3238 p.
654 3173 705 3224 725
717 3173 745 3222 P.
766 3170 855 3238 (1287
871 3167 916 3232 tt.)
940 3168 1121 3218 ‘uetustissimi
1139 3167 1214 3218 etiarn

104 3239 277 3306 praecipis
294 3240 441 3304 genetiuum
459 3241 503 3304 qui
515 3257 531 3290 a
549 3243 705 3292 nominatiuo
723 3256 848 3309 praeceps
863 3247 901 3290 est
913 3238 1053 3289 secundum
1070 3236 1214 3302 analogiam

104 3309 256 3359 nominatiui
273 3308 498 3375 protulerunt
515 3311 613 3360 Ennius
630 3313 656 3360 in
670 3312 719 3362 XV
730 3312 829 3362 annali:
849 3308 920 3375 [390.
935 3298 1006 3373 at].’
1024 3309 1117 3373 (totum
1132 3306 1215 3356 locum

16 3375 18 3377 ’
104 3393 157 3428 οιιι.
172 3377 252 3444 Sang.
266 3375 366 3444 Lugd.)
389 3378 460 3429 Idem
473 3380 508 3428 Vl
522 3379 639 3446 prose.
656 3380 682 3446 (1
696 3397 723 3446 p.
731 3382 782 3432 aba
788 3377 834 3443 tt.)
848 3379 1029 3429 ‘uetustissimi
1041 3386 1125 3428 tamen
1139 3377 1216 3426 etiam

104 3447 202 3498 huius
220 3447 308 3514 lapis
325 3449 492 3513 protulerunt.
520 3451 617 3501 Ennius
632 3452 658 3500 iu
673 3451 722 3501 XV
735 3451 834 3501 annali:
854 3445 951 3516 [30013
1023 3449 1057 3496 lV
1071 3445 1176 3496 Seruius
1190 3445 1215 3494 tn

106 3518 170 3568 hen.
186 3511 222 3567 tx
237 3516 289 3568 678
304 3520 409 3568 ‘armati
422 3518 503 3569 lerro:
523 3527 567 3569 aut
580 3521 644 3570 benc
657 3522 773 3570 instructi
786 3519 864 3570 armis
876 3527 928 3578 aut,
943 3524 970 3568 ut
982 3519 1065 3582 Asper
1077 3509 1148 3572 dicit,
1165 3514 1215 3566 ier-

105 3601 151 3636 rea
163 3587 242 3636 corda
254 3586 377 3637 habentes
390 3589 408 3636 i.
422 3605 445 3638 e.
461 3589 525 3639 dura
537 3597 560 3639 et
572 3599 676 3640 cruenta
686 3592 837 3656 cogitantes,
853 3599 880 3638 ut
890 3588 998 3637 Ennium
1013 3587 1045 3635 sit
1058 3589 1160 3634 secutus
1171 3583 1214 3646 qui

105 3657 154 3705 ait:
174 3657 308 3706 succincti'
331 3673 353 3706 e.
373 3673 398 3720 q.
417 3673 438 3706 s.
468 3659 522 3708 Huc
543 3659 638 3709 rettulit
654 3659 752 3710 Merula
820 3660 844 3709 V
866 3656 1012 3707 Priscianus
1029 3655 1064 3703 Vl
1080 3669 1106 3720 p.
1121 3653 1171 3703 712
1187 3653 1214 3702 P.

105 3725 131 3790 (l
149 3741 174 3790 p.
188 3725 241 3777 269
256 3722 301 3787 tt.)
314 3725 446 3792 (arcus)
462 3729 606 3778 ‘inuenitur
616 3737 700 3779 tamen
717 3729 787 3795 apud
800 3736 900 3779 ueteres
918 3726 994 3775 etiam
1008 3723 1124 3774 feminini
1138 3737 1216 3789 gene-

105 3797 157 3853 ris,
176 3795 316 3845 secundnm
329 3797 398 3859 quod
409 3797 474 3848 bene
487 3807 591 3862 quartae
604 3807 643 3850 est
656 3799 844 3850 declinationis.
870 3797 966 3848 Ennius
978 3796 1004 3843 in
1013 3793 1062 3844 XV
1074 3791 1158 3842 annali
1167 3829 1173 3841 .
1183 3828 1189 3840 .
1199 3793 1215 3840 .'

147 3975 200 4031 ³9⁰
221 3973 391 4027 obcmnbunt
405 3973 495 4028 Bora.
509 3971 650 4029 Helberst.
661 3992 695 4045 p.
707 3977 766 4032 725.
783 3973 952 4030 occumbunt
966 3969 1050 4025 ceteri
1133 3970 1217 4023 letum

105 4056 193 4113 aaa.
203 4073 238 4130 p.
252 4057 314 4115 ioe.
329 4057 433 4113 loetum
445 4056 515 4132 ch.
525 4058 614 4114 Rern.
625 4059 767 4114 Holbcrst.
777 4076 811 4131 p.
824 4061 876 4117 tta
893 4055 963 4128 ch.
980 4071 1012 4126 p.
1029 4055 1089 4113 708.
1104 4053 1216 4111 ibidem

105 4143 208 4197 laetum
221 4140 307 4213 Scap.
323 4143 454 4214 laetumq.
469 4144 502 4214 (q
512 4145 638 4211 mamm)
651 4143 791 4200 Hatbcrst.
808 4145 881 4198 laeto
896 4141 984 4212 Lupd.
1087 4142 1139 4198 391
1155 4157 1217 4213 pre·

104 4228 169 4297 cipe
196 4224 267 4298 Bep-
287 4243 321 4298 p.
340 4230 392 4286 715
497 4231 550 4286 393
574 4228 729 4301 adspicitur
750 4229 891 4286 Columna.
914 4225 1053 4299 aspiciunt
1071 4225 1135 4286 libri

102 4309 268 4386 perhibetur
280 4310 420 4369 Hctbcrst.
436 4311 618 4386 perhibentur
631 4315 717 4371 ceteri
1144 4329 1147 4336 ’
