2770 4946
556 325 909 385 TRAGOEDtARVH

642 491 824 570 Tenens

728 633 743 703 l

281 855 365 950 'Ego
382 857 479 928 deum
499 877 610 950 genus
623 751 850 946 e'ssTeelsemirirer
867 851 936 922 dr'xt
953 854 987 920 et
1003 850 1111 920 dicam
1126 847 1302 928 menum,

283 957 350 1066 de
384 981 444 1031 eos
478 982 546 1030 non
569 959 686 1030 curare
713 957 848 1050 opinor,
890 953 968 1048 qur'd
1002 956 1085 1045 agat
1112 950 1304 1022 humanum

194 1173 257 1236 355
284 1165 365 1236 nam
392 1165 421 1236 si
446 1171 578 1250 curent,
614 1163 698 1234 be'ne
722 1161 819 1235 bonis
838 1080 1024 1246 Ξξῑῗυειὲιϋο
1053 1159 1173 1244 matis,
1216 1155 1307 1250 quod

841 1265 930 1334 mine
951 1263 1055 1332 abest

724 1367 752 1438 ll

285 1487 353 1560 Se'd
372 1487 594 1580 superstitidsi
615 1489 711 1558 uates
733 1486 997 1580 {npudentesque
1014 1482 1119 1567 aneti,

285 1591 353 1660 nit
372 1591 493 1662 inertes
511 1593 568 1662 aut
585 1591 692 1662 insani
710 1596 767 1660 aut
786 1591 908 1684 quibus
925 1591 1061 1680 egestas
1081 1586 1243 1678 imperat,

287 1691 352 1779 Qut
370 1693 432 1764 sibi
450 1693 599 1765 semitam
617 1717 685 1764 non
706 1693 856 1785 sapiunt,
880 1690 974 1762 atteri
995 1690 1184 1760 monstrant
1205 1689 1306 1769 uiam,

286 1797 415 1884 Quibus
445 1796 576 1869 diuitias
606 1797 820 1890 pdtticentur,
855 1796 896 1865 ab
924 1794 974 1864 eis
997 1792 1219 1864 drachumam
1246 1789 1309 1882 ipsi

843 1901 971 1992 petunt.

198 2011 260 2074 360
288 1999 349 2096 [Dc
380 2001 432 2074 his
460 2001 582 2075 diuitiis
612 2001 675 2073 srtri
701 2002 865 2073 deducant
895 2001 1123 2084 drachumam,
1161 1997 1306 2069 reddant

848 2102 980 2195 cetera]

705 2204 777 2277 HI*
965 2233 969 2242 ,

675 2325 810 2396 Telamo

288 2427 373 2522 'Ego
391 2449 465 2500 curn
484 2429 601 2524 genui,
622 2429 692 2500 tum
710 2429 888 2500 morituros
905 2425 987 2499 sciui
1006 2428 1039 2497 et
1055 2424 1086 2494 ei
1103 2423 1152 2492 rei
1171 2419 1304 2494 sustuli.

221 2630 341 2682 Taenaro
377 2629 796 2692 resarciendarum
825 2636 872 2684 ‘an
891 2637 977 2681 nomer
996 2613 1112 2678 lindius?
1142 2629 1188 2690 qui
1212 2637 1304 2690 magun

189 2699 281 2766 ptarrsu
294 2699 404 2764 toquttur
416 2701 570 2752 assentiente
583 2704 679 2769 populo
697 2703 769 2770 [353.
784 2701 857 2768 354],
894 2702 925 2751 Et
943 2699 1047 2764 quidem
1064 2713 1110 2746 cur
1123 2698 1164 2746 sie
1176 2698 1304 2762 opinetur,

189 2771 312 2822 rationem
331 2769 433 2820 subicit.
469 2769 521 2821 Sed
536 2770 601 2822 nihil
614 2781 769 2823 estnecesse
783 2773 870 2824 dicere
887 2785 952 2834 quae
967 2773 1119 2831 sequuntur:
1148 2775 1249 2816 tantum
1267 2770 1305 2813 sat

190 2847 228 2890 est
243 2838 372 2906 tntsitegi,
392 2839 420 2890 td
434 2854 535 2891 sumere
550 2841 615 2892 istos
633 2857 679 2908 pro
693 2851 777 2904 certe,
796 2842 865 2905 quod
877 2841 983 2891 dubium
996 2846 1243 2900 controuersumque
1255 2834 1302 2884 sit'

190 2909 260 2960 ldsm
277 2909 310 2960 de
327 2917 378 2960 nat.
394 2909 464 2960 deor.
479 2908 570 2970 11132,
585 2909 619 2962 79
637 2913 756 2962 ‘Telamo
775 2920 860 2963 autem
877 2925 927 2960 unc
945 2923 1022 2959 uersu
1040 2914 1122 2956 tetum
1142 2907 1230 2956 tecum
1248 2919 1303 2955 ceu-

191 2979 255 3038 flcit,
276 2993 322 3029 cur
340 2979 366 3029 dt
386 2977 504 3030 homines
522 2980 659 3048 neglegant
679 2980 774 3048 [355].’
807 2981 877 3032 idem
896 2980 929 3030 ds
948 2980 1001 3029 diu.
1018 2979 1026 3026 t
1045 2975 1088 3037 58,
1107 2974 1272 3042 132(cr.11)

229 3048 249 3098 ΙΙ
269 3047 498 3100 discrederetur
514 3047 556 3108 58,
564 3049 620 3107 ,1³2
639 3055 720 3102 ‘nune
735 3051 781 3101 iila
797 3051 923 3111 testabor,
942 3063 991 3098 non
1010 3063 1052 3096 me
1070 3045 1210 3112 sortilegos
1225 3058 1303 3108 neque

191 3133 249 3180 ess,
269 3119 312 3182 qut
325 3126 446 3182 quaestus
458 3133 537 3170 cattas
548 3119 687 3170 arioleutur
752 3135 900 3187 agnoscere.
933 3118 988 3168 Non
1001 3117 1084 3167 habeo
1103 3116 1218 3178 denique
1233 3112 1303 3165 nauci
1375 3127 1376 3158 3

193 3187 302 3238 Marsum
326 3203 463 3254 augurem,
489 3201 538 3240 non
557 3190 663 3240 uicenos
685 3192 832 3257 aruspices,
857 3203 909 3240 non
930 3190 962 3239 de
981 3189 1049 3237 circo
1071 3185 1231 3251 astrologos,
1258 3197 1303 3233 uon

193 3258 288 3308 Isiacos
314 3257 483 3317 coniectores,
513 3273 563 3310 non
586 3260 736 3328 interpretes
757 3261 924 3310 somniorum.
961 3256 1017 3308 Non
1042 3257 1111 3306 enim
1131 3262 1191 3305 sunt
1213 3254 1241 3304 hi
1265 3259 1305 3303 aut

192 3327 299 3378 scientia
311 3335 354 3379 aut
366 3335 420 3378 arte
436 3327 533 3390 diuini,
553 3329 608 3380 sed
622 3345 658 3380 su
664 3331 864 3396 perstitiosi’
880 3345 903 3379 e.
919 3345 944 3392 q.
958 3343 979 3378 s.
1010 3327 1109 3389 ‘Atque
1123 3323 1189 3375 haec
1202 3325 1304 3388 quidem

193 3397 305 3458 Ennius,
331 3398 374 3463 qut
395 3399 485 3464 paucis
505 3406 563 3450 ante
581 3401 699 3452 uersibus
717 3415 790 3451 esse
810 3402 886 3451 deos
906 3404 1006 3458 censet,
1033 3395 1090 3445 sed
1105 3410 1158 3444 ece
1173 3409 1237 3444 nou
1255 3408 1304 3443 cu-

194 3481 264 3518 rare
283 3468 452 3534 opinatur,
476 3467 553 3531 quid
572 3478 647 3535 agat
665 3471 836 3520 humanum
856 3468 978 3534 genua*
1012 3467 1142 3516 Ennianos
1155 3479 1250 3514 uersus
1263 3463 1304 3513 de·

193 3552 262 3590 mum
282 3551 298 3588 s
316 3537 401 3588 uerbis
423 3537 485 3588 ‘sed
499 3539 684 3604 superstitiosi'
708 3541 822 3606 incipere
838 3538 964 3588 intellexit
981 3536 1089 3586 Bothlus
1160 3536 1196 3585 111
1217 3534 1304 3585 Cicera
1375 3537 1376 3544 ’

234 3749 287 3806 336
308 3743 360 3802 sed
376 3747 483 3803 ‘etnam
494 3743 580 3803 Enati
592 3749 627 3805 stt
640 3765 678 3805 aa
690 3748 828 3806 dicerem
842 3747 964 3805 mittere·
973 3748 1073 3822 posse'
1092 3743 1124 3800 0.
1141 3741 1306 3801 maccam

192 3836 282 3888 monet
345 3829 513 3904 inpudentes
528 3831 605 3890 Led.
621 3833 798 3907 impudentes
812 3835 897 3891 ceteri
909 3833 972 3890 iibri
1053 3834 1106 3890 359
1121 3829 1305 3903 drachumam

200 3917 279 3974 Vae.
297 3933 372 3976 corr.
395 3915 489 3973 eaden
509 3933 604 3975 meae.
626 3919 769 3975 dracmam
790 3919 866 3975 Laid.
890 3918 1036 3991 dragmam
1057 3915 1121 3971 Eri.
1142 3913 1306 3971 drachmam

194 4003 288 4058 ceteri.
316 4001 360 4075 Os.
389 4001 555 4060 Ritecitetsits
577 4001 652 4062 Mars.
676 4003 773 4078 philol.
802 4003 861 4060 VII
888 4007 939 4062 559
959 4017 1019 4075 sqq.
1116 3998 1234 4055 Versum
1254 4001 1306 4058 360

197 4087 227 4143 0.
255 4085 420 4144 Rtttreclc'us
447 4093 586 4162 tamquam
613 4089 735 4148 ‘lectoris
762 4090 880 4145 alicuius
901 4089 1017 4144 tmeseia
1041 4085 1201 4156 confictum*
1227 4086 1304 4139 enus

194 4172 304 4228 induxit
398 4171 580 4233 drachumam
605 4173 681 4230 Leid.
716 4173 861 4246 dragmam
894 4173 955 4229 Erl.
987 4169 1150 4228 drachmam
1180 4171 1266 4225 ceteri

237 4259 288 4319 361
304 4256 465 4318 moriturum
478 4257 591 4326 Seneca,
609 4259 748 4320 &caenis
761 4259 824 4314 libri
833 4259 983 4316 deteriores
1069 4254 1107 4325 ei]
1122 4253 1187 4310 huie
1201 4253 1303 4313 δαιεεα
