2784 4940
513 377 744 434 ENNIANAE
1064 389 1180 436 XXXIII

67 543 169 603 locum
192 542 325 604 babuerit
343 543 380 602 ir.
401 541 504 618 xlvi,
524 560 695 628 ιιιιιιιιιιιιιιιιι
710 559 818 602 uereor
835 552 866 602 nt
892 544 920 602 in
944 541 1067 602 similem
1088 541 1180 606 llora·

67 651 169 709 tianae
193 651 363 710 sententiam
385 648 462 727 apud
484 647 606 708 Ennium
628 647 699 708 luno
721 651 859 710 oraberit.
905 649 1014 710 lnlesta
1037 650 1112 708 enim
1129 667 1178 710 an·

65 755 191 832 tiquitus
212 753 348 814 llomanis
370 753 426 814 den
444 755 514 814 iram
535 756 716 816 insecundo
737 756 851 817 demum
874 754 955 816 bello
976 754 1085 815 Punico
1105 755 1178 817 deli·

62 861 150 919 ninit.
184 858 230 920 Gi.
252 859 373 921 Seruius
402 860 663 922 subsultet:
697 867 765 922 bello
785 865 893 922 Psmim
921 865 1058 934 secundo,
1084 873 1114 922 ut
1140 868 1181 922 cit

62 971 191 1036 Ennio,
225 973 339 1042 piceam
369 972 441 1028 Irmc
473 974 594 1045 eoeperit
615 970 720 1044 scam
751 972 885 1028 Romame
911 965 996 1044 (Vlll
1026 967 1063 1026 ir.
1094 964 1177 1046 XV).

63 1073 146 1147 Quid
169 1075 256 1152 igitur
275 1083 334 1133 tum
353 1073 472 1152 incipiat
493 1073 605 1147 iuuere,
624 1091 701 1151 qaae
719 1073 774 1132 iam
794 1082 862 1134 ante
880 1072 1017 1133 llomanis
1041 1081 1072 1132 ut
1094 1074 1179 1150 regni

62 1181 142 1241 lines
164 1182 223 1242 late
252 1180 420 1260 proterrent
442 1175 647 1240 concesserit?
668 1179 729 1239 Sed
752 1178 848 1240 Seruii
881 1178 952 1239 illud
983 1179 1177 1238 testimonium

62 1305 134 1346 cum
155 1288 305 1349 conferam
326 1305 390 1346 oum
408 1288 501 1347 altera
521 1303 598 1363 quae
621 1284 716 1344 eidem
736 1284 861 1346 debetur
882 1287 1021 1346 memoria
1045 1287 1073 1346 in
1099 1285 1175 1346 Aen.

61 1392 165 1454 120:
191 1402 220 1454 m
242 1401 334 1455 amm
358 1402 430 1454 eon
452 1398 593 1454 omues
622 1395 750 1469 Iuppmr
767 1397 931 1467 mmmmm
959 1395 1095 1452 comma
1124 1411 1176 1454 ee-

61 1504 169 1559 eidium
202 1504 376 1577 Carmcpbn's
408 1497 492 1577 (Vlll
521 1499 557 1558 ir.
586 1497 691 1578 xlv),
725 1499 755 1557 in
789 1505 896 1557 octauo
930 1513 1049 1576 quoque
1081 1497 1177 1558 annali

60 1606 88 1663 si
101 1622 161 1666 non
174 1605 290 1684 plenum
302 1621 473 1665 consessum
486 1604 619 1681 deorum,
635 1613 665 1665 at
679 1620 831 1664 sermones
844 1602 944 1664 louem
960 1605 1036 1665 inter
1047 1613 1077 1666 et
1090 1604 1175 1666 luno·

62 1730 132 1771 nem
161 1703 304 1774 describi
318 1712 469 1772 coniciam.
515 1710 614 1785 Quare
639 1710 773 1788 dubium,
806 1728 842 1771 an
868 1720 952 1772 recte
983 1729 1100 1772 uersum
1129 1731 1175 1772 re-

58 1821 178 1892 spondit
196 1819 268 1877 Iuno
290 1821 426 1878 Sotarm'o
451 1828 550 1877 coneto
570 1824 686 1878 decnem
710 1815 832 1896 (xlvi)
854 1819 882 1876 in
902 1817 1023 1896 primum
1043 1818 1176 1880 annalem

60 1921 222 1981 intulerim.
276 1923 336 1983 Sed
363 1922 421 1984 boc
448 1921 600 1983 leuidense
628 1932 682 1984 est.
733 1921 808 1983 lllud
835 1925 1002 2001 quaeritur,
1032 1925 1078 1984 cui
1106 1923 1175 1985 loco

61 2029 192 2088 maxime
214 2037 298 2107 aptus
319 2029 358 2088 sit
379 2031 445 2105 iste,
469 2046 555 2108 quem
573 2028 640 2089 hnic
664 2027 741 2089 libro
760 2029 949 2106 uindioamus,
969 2028 1089 2091 deorum
1105 2047 1173 2091 oon·

61 2151 178 2192 sessus.
212 2132 244 2194 ln
267 2153 323 2214 qua
345 2155 378 2196 re
396 2138 421 2195 si
438 2134 586 2196 Horatium
607 2135 753 2214 sequeris,
776 2151 834 2195 non
853 2134 998 2197 dubitabis
1020 2137 1089 2214 quin
1106 2144 1173 2196 ante

60 2241 159 2318 ipsum
178 2238 287 2301 obitum
307 2241 437 2318 Romuli,
463 2258 522 2302 non
549 2250 776 2320 postmortem,
798 2249 829 2300 ut
850 2240 979 2302 editores
1009 2241 1174 2319 uoluerunt,

61 2345 248 2406 conlocetur.
293 2349 352 2410 Sed
374 2347 472 2409 obstat
493 2346 613 2408 Ouidius
640 2345 709 2408 lter.
734 2344 803 2406 XIV
826 2345 906 2407 812:
948 2358 977 2410 tu
997 2352 1065 2408 nunilo¹
1083 2355 1173 2410 conci·

60 2458 97 2512 lio
130 2457 270 2530 qnondam
291 2465 442 2531 praesente
470 2459 583 2514 deomm
616 2459 704 2527 (Nom
731 2473 851 2514 memoro
889 2459 1055 2532 memorique
1082 2460 1173 2514 animo

54 2563 110 2634 pic
137 2564 225 2618 uerbo
245 2563 355 2641 noiomi)
381 2553 475 2621 ‘me
498 2566 550 2620 erit
578 2579 658 2636 mrem
676 2571 705 2619 tu
726 2564 804 2620 tolles
827 2565 856 2618 im
877 2565 993 2620 coerula
1014 2564 1099 2618 coeli'
1122 2564 1172 2620 Di·
1226 2551 1229 2561 ¹

60 2671 148 2724 mesti:
190 2675 255 2725 rotc
287 2673 323 2727 sil
353 2669 502 2726 uerborum
534 2685 641 2725 ιιιιιιιιια
676 2677 785 2726 tuorum
814 2664 869 2742 (of.
903 2663 983 2725 Fast.
1019 2662 1047 2724 ll
1082 2663 1172 2744 485).

60 2771 88 2830 Α
113 2788 173 2848 quo
195 2769 316 2832 Ennium
337 2772 458 2850 respici,
481 2772 627 2850 ipseque
653 2773 740 2832 utitur
770 2789 874 2832 uersus
896 2771 1043 2832 Ennianus
1073 2779 1171 2832 osten·

59 2877 129 2937 du.
159 2875 232 2938 Nem
253 2875 410 2939 Ennianum
433 2895 501 2937 esse
527 2875 647 2938 Ouidius
668 2879 784 2956 quidem
806 2878 969 2954 condicit,
1001 2877 1055 2938 sed
1077 2877 1171 2938 Varro

60 2979 99 3040 de
117 2980 149 3040 L.
166 2979 199 3041 b.
214 2980 268 3042 vll
280 2983 299 3044 6
311 2982 348 3043 lt.
363 2985 418 3043 etsi
433 3001 490 3042 non
503 2992 602 3044 monet
615 2992 729 3062 aperte,
745 2993 839 3046 tannen
851 2986 959 3047 indicat
972 3000 1029 3043 non
1043 2982 1171 3043 obscure

60 3089 89 3146 ei
113 3088 162 3166 qui
184 3090 264 3148 nouit
284 3105 393 3148 morem
415 3089 565 3150 Varronis.
589 3089 629 3148 At
650 3098 744 3150 temen
762 3107 799 3152 ex
816 3090 920 3152 Ouidio
933 3090 993 3150 noli
1009 3088 1171 3166 conligere,

60 3196 158 3273 ipsum
177 3195 298 3255 deorum
321 3197 475 3256 concilium
498 3215 556 3257 non
579 3196 704 3276 expandi
726 3197 753 3258 in
775 3197 941 3273 annalibus,
964 3195 1017 3256 sed
1050 3193 1170 3254 mentio·

61 3319 128 3360 nem
151 3309 258 3362 tantum
277 3301 364 3362 modo
384 3303 466 3380 quasi
487 3301 574 3362 babiti
591 3301 707 3362 concilii
735 3302 807 3362 lieri.
853 3300 967 3362 Etenim
996 3301 1111 3362 diuersa
1134 3297 1170 3359 ab

20 3465 24 3470 .
60 3406 215 3468 annalibus
234 3407 287 3467 luit
309 3407 403 3468 Ouidii
425 3407 510 3483 ratio,
534 3408 582 3485 qui
606 3425 669 3466 cum
691 3423 739 3466 res
758 3407 895 3485 plurimas
919 3406 1006 3468 modo
1031 3405 1170 3484 perstriu-

59 3531 136 3592 gere
155 3515 293 3589 instituat,
317 3515 391 3574 scite
413 3513 563 3574 artificium
591 3513 661 3574 illud
683 3511 804 3572 effinxit.
836 3511 944 3574 Contra
962 3511 1092 3591 luppiter
1113 3508 1170 3570 En·

60 3619 166 3680 nianus
193 3619 265 3698 ipsis
300 3618 498 3680 adsidentibus
525 3619 569 3680 dis
595 3618 771 3696 genitalibus
798 3618 873 3679 baec
900 3616 990 3678 uerba
1019 3635 1091 3676 unus
1120 3621 1173 3674 erit

60 3746 143 3803 quem
167 3737 196 3786 tu
220 3732 295 3787 tolles
321 3733 350 3786 ιἰι
374 3732 490 3788 caerula
516 3731 586 3786 caeli
612 3731 712 3801 temple
742 3724 906 3786 credendos
934 3732 980 3784 est
1011 3719 1169 3780 extulisse:

62 3834 147 3893 cuius
166 3834 289 3893 orationi
308 3851 373 3892 num
397 3832 574 3911 praemissus
590 3829 678 3892 luerit
696 3830 743 3890 bio
756 3849 874 3891 uersus:
898 3831 996 3904 effudit
1009 3843 1091 3884 uoces
1099 3843 1170 3899 pro·

55 3946 125 4014 prio
150 3959 211 3999 cum
226 3951 339 4015 pectore
353 3951 448 4000 sancto
466 3938 538 4015 (ino.
561 3937 624 3998 sed.
641 3934 766 4016 LXIX),
788 3953 874 4016 quern
897 3931 1012 4012 quidem
1026 3928 1171 4008 praemitti

63 4045 198 4123 potuisse
222 4062 279 4104 non
301 4062 391 4122 nego,
412 4045 563 4104 incertum.
606 4043 703 4120 Atque
723 4040 775 4101 illo
794 4059 882 4100 uersu
902 4040 1043 4100 indicatur
1074 4035 1171 4109 etiam,

62 4167 150 4229 quem
173 4153 349 4229 quaerimus,
371 4150 454 4210 locus
477 4150 603 4210 concilii.
638 4135 709 4208 Gunn
726 4147 801 4207 enirn
824 4163 880 4204 non
898 4145 936 4205 ita
952 4142 1083 4204 instantis
1099 4149 1169 4202 tem·

63 4256 145 4334 poris
157 4254 243 4315 iuturi
264 4241 397 4317 indicium
415 4257 572 4330 continent,
593 4263 651 4314 tum
666 4255 703 4314 de
725 4253 802 4312 ‘uno'
827 4251 905 4330 quod
916 4249 996 4326 dicit,
1016 4249 1053 4310 de
1065 4247 1170 4321 altero,

102 4359 216 4417 Ennius.
988 4367 1005 4408 o
