2752 4944
204 372 365 420 numm
603 361 916 432 QVAESTlONES

202 537 283 588 recte
310 528 441 586 sensisse
472 526 601 587 Ritterus
627 526 646 586 l.
667 526 687 584 l.
712 545 740 605 p.
765 527 825 586 394
853 527 983 601 uidetur,
1016 529 1063 606 qui
1092 527 1129 586 tr.
1153 526 1197 586 lX
1221 526 1312 586 relata
1369 566 1373 583 .

205 643 297 696 morte
319 634 464 712 Scipionis
486 633 628 692 extulisse
649 640 765 710 poetam
786 633 921 692 coniecit.
1373 618 1374 621 ¹

286 740 407 799 Vnicum
428 739 513 798 libri
535 747 740 797 saturarum
762 741 886 816 quarti
905 738 1096 815 fragmentum
1115 739 1260 816 adposui,
1275 741 1315 796 cui
1373 732 1374 737 '

203 847 360 908 sotadeum
375 863 522 904 numerum
538 861 605 902 esse
618 852 647 902 ct
662 843 784 921 Hugium
796 863 883 904 aures
894 845 1056 904 docuerunt
1072 854 1101 902 et
1113 854 1262 922 poterant
1278 844 1316 903 la·

207 953 264 1012 cile
282 952 412 1031 quemuis
429 949 513 1010 alium
531 949 651 1008 docere.
675 950 734 1010 Sed
754 952 831 1028 quod
847 951 987 1010 hocloco
1003 951 1030 1010 id
1046 959 1091 1008 est
1106 953 1184 1010 iuter
1202 959 1317 1009 sumnus

206 1058 298 1132 edidi,
320 1058 378 1117 hoc
399 1073 466 1116 meo
486 1055 618 1134 periculo
631 1055 754 1132 laetum,
776 1056 918 1135 siquidem
932 1056 1112 1134 periclitatur
1124 1066 1155 1116 et
1173 1057 1229 1135 qui
1246 1055 1317 1114 nlius

207 1165 397 1242 suspitionem
418 1161 523 1240 probat
541 1170 570 1220 ot
592 1165 738 1239 quisnam
761 1164 957 1223 coniecturum
976 1161 1101 1242 probare
1117 1161 1184 1220 aliis
1207 1161 1315 1221 studet.

205 1269 317 1348 Nempe
340 1285 397 1326 uon
419 1287 436 1327 e
458 1269 562 1326 saturis
585 1269 714 1328 adiertur
736 1268 819 1328 locus
838 1288 854 1329 a
871 1268 1022 1328 llacrobio
1042 1269 1102 1328 Sat.
1114 1268 1187 1328 vlo
1212 1287 1244 1347 p.
1258 1267 1316 1327 527

203 1376 287 1450 dau,
309 1375 362 1434 sed
386 1393 403 1432 e
425 1373 523 1433 libro
545 1375 763 1434 Sabinarum
785 1383 931 1453 quarto.
967 1375 999 1434 ln
1021 1393 1079 1453 qno
1094 1376 1207 1452 primus
1230 1394 1317 1454 quan·

206 1491 262 1539 tum
284 1481 415 1559 comperi
432 1481 526 1540 haesit
547 1479 704 1554 Columna,
725 1481 773 1557 qui
796 1480 919 1540 Sabinas
941 1482 1052 1560 expulit
1078 1501 1095 1540 e
1122 1484 1317 1558 grammatico

206 1596 234 1644 et
252 1595 410 1645 saturarum
439 1586 562 1645 indicem
582 1586 716 1658 restituit,
739 1603 802 1643 cnm
818 1603 874 1646 nec
890 1585 957 1646 alibi
975 1587 1141 1647 laudaretur
1157 1588 1229 1646 talis
1247 1590 1318 1656 inter

205 1692 289 1752 Ennii
317 1690 456 1769 reliquias
481 1691 579 1750 titulos
600 1699 629 1750 et
655 1691 787 1750 extitisse
810 1700 945 1769 quattuor
973 1692 1075 1752 saltem
1097 1702 1266 1752 saturarum
1287 1693 1316 1751 li·

206 1798 277 1858 bros
308 1796 516 1874 Porphyrionis
544 1797 710 1856 testimonio
736 1805 897 1856 constaret:
926 1797 964 1856 cl.
996 1815 1024 1875 p.
1047 1796 1207 1858 LXXXIV.
1258 1799 1317 1858 Nec

206 1905 242 1963 de
266 1923 303 1974 ea
324 1922 355 1962 re
379 1921 551 1982 quemquam
573 1901 764 1962 dubitaturum
784 1903 874 1962 luisse
898 1903 1014 1980 opinor,
1034 1905 1088 1962 nisi
1109 1907 1134 1962 is
1151 1923 1243 1982 quem
1262 1905 1316 1963 Au-

204 2009 264 2088 geli
287 2008 343 2068 blal
367 2010 536 2068 industriae
556 2010 609 2067 situ
634 2019 663 2068 et
685 2009 833 2068 obliuione
856 2008 1011 2068 uindicauit
1032 2008 1121 2070 lulius
1135 2011 1246 2071 Victor
1262 2013 1316 2071 cti

205 2136 233 2195 p.
258 2116 319 2176 224
344 2115 394 2174 Or.
416 2115 492 2174 alter
513 2115 683 2174 Sabinarum
711 2116 794 2174 testis
823 2116 977 2174 extitisset.
1020 2115 1058 2174 Vt
1081 2118 1135 2176 iam
1157 2118 1238 2176 male
1261 2137 1314 2176 me·

205 2222 263 2280 reri
285 2221 322 2280 de
343 2220 436 2278 Ennio
458 2220 608 2295 uideatur,
637 2223 685 2299 qui
708 2221 765 2280 boc
789 2221 864 2280 libro
887 2229 1004 2298 potitam
1027 2222 1231 2282 defraudatum
1256 2232 1313 2282 est:
1372 2289 1373 2294 .

207 2346 270 2386 cum
289 2327 460 2406 praesertim
477 2326 523 2384 bis
546 2344 621 2404 quae
643 2325 717 2386 lulio
738 2326 852 2386 Victori
875 2326 1018 2387 debentur
1039 2327 1152 2388 uerbis:
1172 2349 1238 2387 esim
1258 2349 1315 2403 spo-

207 2441 243 2493 lio
270 2441 380 2510 pencris
401 2438 591 2508 detraxeritis,
615 2436 703 2504 Quium
727 2439 937 2508 inscriptionem
959 2439 1076 2494 dubites?
1100 2435 1172 2511 (inc.
1195 2444 1254 2496 sat.
1277 2434 1314 2510 V)

206 2551 328 2620 perapte
351 2539 476 2600 Sabinae
497 2547 659 2616 pugnantes
683 2548 782 2598 contra
805 2541 932 2616 ipsarum
954 2541 1073 2600 maritos
1091 2540 1220 2599 Sabinos
1240 2559 1314 2600 com·

206 2648 319 2725 pellare
342 2648 502 2707 uideantur.
549 2643 587 2702 At
609 2644 658 2703 uel
686 2646 729 2704 sic
750 2645 942 2704 uehementer
966 2644 1102 2722 displicet
1125 2655 1265 2723 quattuor
1286 2645 1313 2702 li-

206 2753 265 2812 bris
294 2755 318 2812 si
346 2753 390 2811 dis
419 2752 519 2830 placet
546 2758 693 2810 exaratum
722 2750 758 2808 de
787 2749 902 2809 Sabinis
930 2767 1047 2808 carmen
1079 2751 1195 2826 epicum
1232 2749 1313 2828 (quid

206 2862 280 2918 enim
302 2859 388 2917 luerit
407 2866 562 2936 praeterea
580 2855 635 2912 nisi
657 2853 770 2930 epicum
789 2851 930 2931 fueriti),
952 2855 1033 2912 cuins
1053 2853 1161 2912 nullum
1182 2855 1255 2914 alibi
1277 2857 1312 2913 io·

205 2965 309 3024 dicium
332 2973 422 3023 extet.
455 2963 487 3021 ld
508 2962 585 3042 qnod
601 2961 713 3037 llngius
734 2975 851 3038 qnoque
875 2969 904 3018 et
925 2958 1070 3035 llbergius
1091 2969 1266 3018 senserunt:
1289 2961 1313 3016 in

206 3087 328 3147 qnorum
347 3071 487 3128 rationem
503 3078 599 3128 tamen
618 3066 734 3126 multum
756 3066 842 3124 abest
855 3075 886 3125 ut
900 3065 1022 3144 pedibus
1041 3084 1113 3124 eam.
1145 3062 1218 3124 (lum
1241 3066 1313 3125 enim

207 3174 366 3234 Columnae
394 3174 555 3233 adsentiant
578 3176 606 3232 in
633 3173 802 3233 Sabinarum
828 3171 924 3230 locum
953 3181 1067 3232 saturas
1096 3173 1270 3249 reponenti,
1299 3189 1313 3227 e

205 3281 269 3340 lolii
290 3281 418 3340 Victoris
441 3281 606 3339 testimonio
629 3286 810 3358 praetextam
837 3277 979 3355 quandam
1005 3276 1176 3336 Sabinarum
1198 3279 1312 3336 nominc

207 3388 373 3465 inscriptam
395 3386 562 3463 contingunt
585 3386 685 3464 potius
710 3401 795 3462 quam
815 3384 974 3459 conligunt.
1020 3383 1083 3457 Qua
1105 3401 1138 3440 re
1161 3383 1261 3440 missis
1283 3381 1312 3439 il·

206 3493 299 3552 lomm
307 3493 475 3551 commentis
487 3492 555 3550 uide
574 3510 640 3550 num
652 3493 717 3569 ipse
728 3508 789 3548 rem
805 3488 986 3568 probabilius
1001 3489 1212 3568 expedinerim.
1232 3487 1313 3547 Enim

204 3615 277 3658 uero
300 3597 352 3656 tuit
374 3598 442 3656 olim
467 3614 582 3656 carmen
602 3596 772 3656 Sabinarum
791 3613 848 3654 non
871 3595 1022 3672 peculiare
1043 3595 1158 3671 quidem
1175 3595 1227 3653 sed
1249 3611 1312 3672 pars

206 3714 385 3778 saturarum,
416 3713 446 3763 ut
472 3704 582 3780 Scipio.
628 3699 740 3773 Quodsi
766 3709 927 3759 saturarum
957 3708 1061 3777 quarto
1084 3698 1227 3773 ascribis,
1257 3697 1312 3757 bla-

205 3809 299 3868 crobii
321 3811 459 3868 memoria
477 3813 575 3868 elidro
591 3811 759 3867 Sabinarum
780 3817 894 3882 qsmrto,
916 3805 979 3862 siue
999 3803 1074 3863 baec
1095 3821 1166 3863 uera
1190 3813 1236 3863 est
1256 3803 1312 3864 tta-

205 3915 298 3975 crobii
327 3933 426 3973 manns
454 3917 518 3974 sine
546 3913 630 3972 scioli
659 3913 802 3991 supientia
825 3921 933 3984 ortum,
962 3909 1136 3987 explicatur.
1182 3908 1268 3981 Quae
1292 3908 1312 3966 si

204 4031 288 4081 recte
309 4023 433 4096 conieci,
456 4022 523 4081 huic
545 4027 704 4078 saturarum
725 4017 801 4076 libro
823 4015 910 4076 debui
930 4023 959 4074 et
979 4015 1101 4074 alterum
1122 4034 1137 4073 a
1157 4013 1231 4073 lulio
1246 4013 1310 4072 Vic-

205 4137 270 4187 tore
299 4128 415 4186 citatnm
444 4129 650 4202 lragmcntum,
683 4123 762 4201 quod
784 4122 899 4180 nuncin
920 4122 1038 4180 incertis
1061 4099 1240 4198 saturistv)
1267 4111 1328 4178 ba?

205 4233 305 4307 betur,
330 4231 502 4307 adsignare:
524 4231 552 4287 iu
575 4247 631 4308 qua
654 4247 687 4286 re
710 4226 779 4286 illud
801 4243 858 4284 non
881 4226 988 4296 obstat,
1013 4225 1092 4305 quod
1113 4242 1172 4284 non
1198 4243 1309 4304 compa·
