2784 4940
230 371 254 420 1,
629 361 940 429 Qvnusrtouus

229 529 283 586 hoe
303 533 344 584 est
362 543 408 584 eos
428 530 478 601 qui
497 530 526 584 in
549 527 618 584 urbe
639 543 750 600 semper
772 527 955 602 sufficiendae
977 531 1177 602 proliacense
1200 533 1333 586 mennon

229 635 339 692 menae
362 634 512 692 asenberc.
558 627 629 690 tium
657 629 763 690 Oresio
793 631 930 690 conuenit
956 629 1110 706 Augustini
1137 631 1174 690 de
1207 634 1267 696 eiu:
1294 633 1331 692 dei

228 734 270 796 lll
293 737 330 797 17
353 737 496 814 narratio,
517 737 565 815 qui
588 737 636 797 uhi
659 756 707 797 res
731 755 805 815 quae
826 735 907 796 hello
924 734 1080 796 Tarentino
1103 739 1242 815 proxime
1264 748 1330 798 ante-

229 841 372 904 cedebant
406 845 591 922 perstrinxit,
626 855 684 904 tum
713 865 782 906 uero
815 843 906 920 inquit
939 852 993 900 turn
1026 847 1112 901 multu
1140 846 1214 902 bella
1245 850 1332 921 ubique

228 953 428 1020 crebruerunt,
458 959 488 1010 ut
515 956 609 1026 inopia
634 958 746 1012 muium
769 953 919 1027 proletarii
944 952 998 1020 illi,
1034 954 1083 1023 qui
1107 967 1139 1008 eo
1166 954 1248 1024 quod
1267 957 1333 1024 proli

226 1059 379 1132 ριῃαοαααα
405 1061 543 1116 uecnbmu
571 1061 603 1115 oh
623 1066 766 1132 egestatem
785 1061 902 1114 uitare
930 1073 985 1112 non
1013 1058 1137 1114 uolentes
1163 1057 1220 1113 hoe
1244 1076 1331 1115 nornen

228 1173 410 1237 occeperunt,
447 1167 557 1222 militiae
589 1167 842 1222 conscriberentur:
880 1164 986 1218 nocitus
1017 1165 1096 1216 etium
1127 1181 1146 1218 o
1180 1163 1332 1220 Tarentinis

229 1270 360 1343 Pyrrhus
389 1287 444 1328 ree
474 1273 610 1328 Graeciae
638 1277 702 1326 tunc
726 1273 829 1344 irtgenti
852 1270 943 1342 glorio
972 1267 1124 1323 celebratus
1144 1268 1330 1326 Romanorum

228 1377 313 1434 λαολὶο
338 1380 453 1450 effectus
480 1383 529 1432 est.
574 1370 637 1432 Neo
666 1381 777 1448 tamen,
809 1389 872 1432 cum
896 1368 1017 1429 Orosius
1039 1386 1089 1427 sua
1112 1367 1148 1428 ab
1171 1369 1330 1448 Augustino

229 1487 372 1538 mutuatus
391 1479 538 1555 uideatur,
562 1477 679 1538 multum
701 1479 728 1536 ei
751 1477 905 1537 consensui
924 1474 1035 1534 tribuo:
1062 1475 1246 1551 Augustinus
1269 1495 1331 1537 uero

228 1582 293 1642 tere
320 1600 378 1642 uon
402 1585 500 1646 tlubito
531 1586 597 1664 quin
626 1584 654 1643 in
680 1601 715 1642 ee
743 1601 776 1644 re
799 1582 1000 1643 auctoritatem
1023 1579 1094 1640 hiuii
1116 1591 1274 1658 sequatur:
1302 1582 1331 1640 ad

229 1704 315 1767 quem
337 1707 468 1766 magnam
491 1699 603 1769 partem
622 1707 723 1748 eorum
752 1706 826 1768 quae
850 1687 889 1747 ihi
913 1694 1009 1746 narrat
1034 1685 1214 1761 Augustinus
1241 1687 1330 1748 redire

230 1811 247 1854 e
277 1793 348 1854 Liuii
380 1793 422 1854 Xl
446 1802 476 1854 et
497 1794 552 1854 XII
579 1794 726 1874 periochis
752 1793 917 1872 conligitur.
966 1790 1059 1864 Quam
1087 1789 1211 1852 obrem
1235 1792 1329 1852 sialia

229 1917 287 1960 non
319 1901 512 1973 accederent,
548 1899 698 1960 subiceret
733 1897 807 1958 haec
841 1897 994 1974 Augustini
1026 1896 1182 1972 memoria,
1219 1907 1252 1957 ut
1284 1915 1330 1956 eos

229 2004 333 2082 quihus
361 2005 537 2086 proletarios
560 2007 588 2065 in
609 2005 784 2085 praesidium
810 2003 890 2064 urbis
917 2013 1043 2064 armatos
1071 2011 1203 2063 narratur
1233 2023 1330 2064 uersus

228 2107 374 2170 Ennianos
394 2110 465 2190 (tx)
487 2111 515 2170 in
535 2111 593 2173 hoc
616 2112 684 2172 loco
705 2126 931 2190 reponeremus,
953 2128 1011 2191 quo
1034 2127 1087 2170 eos
1108 2110 1261 2170 rettulisse
1282 2112 1329 2170 ian

228 2213 444 2276 Freinshemius
466 2217 618 2297 Supplem.
641 2217 702 2282 Liu.
726 2217 753 2277 ll
774 2236 800 2277 c.
823 2215 864 2274 22
887 2216 1009 2280 uidetur.
1053 2216 1161 2276 Verum
1190 2218 1329 2277 succurrit

229 2321 342 2381 tertium
369 2322 405 2382 de
432 2323 600 2400 proletariis
627 2324 664 2384 ad
692 2323 818 2383 militiam
840 2325 954 2382 uocatis
976 2321 1071 2383 (lossii
1092 2321 1232 2383 Heminae
1254 2323 1329 2382 testi·

228 2425 353 2484 monium
375 2428 452 2506 apud
470 2427 596 2489 Nonium
625 2449 653 2510 p.
677 2429 735 2504 67,
762 2427 802 2487 22
836 2433 947 2488 Cassius
970 2435 1071 2490 Eminet
1092 2436 1190 2489 enneli
1217 2435 1265 2489 lib.
1287 2433 1329 2488 Il:

228 2541 292 2591 tunc
304 2534 422 2594 Mareu
438 2554 545 2610 praeeo
559 2543 684 2612 primurn
693 2539 862 2611 proletarios
879 2542 1005 2595 armauit.
1042 2532 1218 2596 Insidentem
1237 2535 1329 2596 uerbis

228 2636 391 2698 labeculam
422 2639 578 2701 infeliciter
607 2644 717 2701 Marius
739 2646 866 2716 primum
892 2647 989 2700 cerunt
1011 2640 1191 2700 emendando
1216 2640 1328 2700 Freins-

226 2741 338 2802 hemius
367 2742 402 2802 ad
426 2743 505 2805 Flor.
532 2745 572 2806 lll
602 2750 638 2823 1,
672 2747 710 2806 13
734 2747 892 2826 temptauit.
936 2745 1077 2807 Maculam
1109 2744 1248 2806 abstersit
1277 2746 1329 2806 leni

226 2863 309 2908 manu
329 2847 443 2927 lipsius
463 2849 530 2914 Ant.
552 2853 620 2913 lect.
643 2852 683 2912 lV
707 2854 755 2913 17.
778 2851 804 2910 V
823 2851 864 2912 22
885 2853 914 2910 in
942 2854 1018 2914 hunc
1039 2852 1170 2914 modum:
1207 2855 1328 2910 Marcius

221 2962 355 3026 praetor.-
370 2951 448 3021 ¹illud
465 2961 676 3036 praetermisit,
699 2977 785 3037 quem
806 2957 943 3018 llarcium
964 2958 1056 3018 uellet
1077 2958 1219 3033 intellegi.
1266 2957 1327 3035 lpse

226 3056 292 3116 dum
313 3058 532 3138 circumspicio,
559 3060 595 3122 ad
614 3079 699 3139 quem
719 3078 754 3120 ea
778 3066 922 3142 pertineat
941 3066 1096 3140 memoria,
1126 3063 1222 3123 incido
1244 3065 1273 3122 in
1295 3061 1325 3134 Q.

226 3161 364 3224 Marcium
386 3164 565 3244 Philippum,
596 3169 644 3246 qui
665 3187 692 3228 a.
713 3187 740 3232 u.
764 3187 790 3228 ο.
813 3168 876 3230 472
904 3188 968 3229 oum
998 3169 1028 3228 L.
1053 3169 1179 3228 Aemilio
1206 3169 1326 3229 Barbula

226 3264 328 3324 consul
347 3266 409 3325 luit.
441 3266 569 3340 Quorum
590 3269 637 3328 hic
661 3273 728 3350 ‘qui
751 3275 806 3334 ium
827 3277 855 3334 iu
871 3276 1014 3336 Samnium
1034 3276 1069 3336 ad
1086 3277 1247 3335 exercitum
1264 3292 1325 3354 pro·

224 3370 319 3430 iectus
341 3371 466 3448 fuerat',
496 3372 544 3432 uhi
569 3371 679 3436 Rornae
701 3377 809 3440 bellum
829 3400 892 3441 oum
915 3381 1077 3442 Tarentinis
1101 3381 1253 3441 decretum
1276 3390 1325 3454 est,

224 3475 253 3534 in
269 3493 340 3552 agro
355 3477 509 3536 Tarentino
527 3489 623 3540 eastra
638 3499 750 3560 ponere
768 3487 892 3548 iubetur.
923 3484 968 3546 Cf.
981 3487 1137 3562 Dionysius
1150 3485 1244 3546 llalic.
1257 3485 1326 3548 Ero.

223 3580 306 3642 xvll
335 3585 383 3648 10.
428 3582 556 3643 Zonaras
582 3584 649 3645 Vlll
677 3588 695 3647 2
728 3608 757 3668 p,
789 3593 848 3654 106
879 3592 925 3656 etl.
956 3591 1048 3652 Bono.
1092 3596 1157 3669 lpni
1184 3599 1326 3670 ferroque,

224 3686 346 3750 Orosius
368 3690 474 3769 inquit,
499 3701 718 3767 nesteronem,
742 3702 866 3771 plurimo
888 3710 1033 3775 expugnat
1049 3704 1166 3774 oppidu:
1195 3717 1232 3758 ac
1255 3699 1326 3758 simi·

223 3791 289 3853 liter
311 3795 440 3856 Zonaras
464 3796 483 3856 l.
507 3797 527 3856 l.
556 3789 611 3876 τὴν
631 3792 730 3880 χώραν
754 3792 853 3862 αὐτῶν
880 3800 1023 3881 ἐλεηλάτει
1049 3802 1099 3864 καλ
1121 3803 1272 3884 ἔφθειρεν.
1303 3803 1330 3863 oi
1378 3883 1379 3894 ἵ

223 3895 255 3958 ii
279 3896 443 3979 ἐπεξῆλθον
463 3901 532 3980 μέν,
560 3893 627 3963 ἄλλ’
653 3901 835 3986 ἐτράπησαν,
863 3902 935 3970 ὥστε
956 3898 1025 3981 τοὺς
1043 3902 1201 3987 Ῥωμαίους
1223 3906 1281 3989 τήν
1301 3930 1328 3969 τε

221 3995 320 4083 χώραν
342 3997 441 4066 αὐτῶν
468 3998 560 4081 ἀδεῶς
586 4015 739 4090 πορθῆσαι
774 4018 825 4074 nui
857 4037 924 4076 τινα
956 4011 1156 4096 χειρώσασθαι
1188 4010 1325 4097 φρούρια.
1378 4049 1379 4082 1

222 4105 320 4180 Quare
343 4112 411 4171 uide
439 4132 475 4174 an
502 4114 538 4174 ad
561 4114 715 4176 Aemilium
744 4119 838 4198 possit
865 4138 969 4180 uersus
996 4127 1084 4198 deque
1111 4127 1226 4182 totondit
1245 4118 1328 4198 apros

221 4217 305 4273 tuetos
327 4225 409 4314 utque
433 4226 535 4294 oppida
560 4229 632 4296 cepit
657 4223 729 4301 (ine.
762 4225 824 4284 sed.
847 4223 1000 4306 XXXVll)
1030 4228 1195 4306 pertinere:
1230 4245 1325 4306 quam·
