2796 4948
503 370 745 440 Reliquiae
1118 367 1180 432 lili
1257 407 1267 428 2

172 540 259 626 Quid
279 541 426 626 turdum,
450 539 626 625 memlam,
644 541 849 656 melanurum
870 543 1083 636 umbramque
1104 565 1179 613 ma-

170 746 330 817 Praelcrii
358 749 458 840 alque
485 767 633 830 scarum,
665 663 837 816 oeoeffi
865 745 955 816 louis
983 769 1088 838 paene
1115 718 1179 816 su-

172 949 321 1019 Nesloris
339 949 379 1018 ad
397 947 534 1040 patriam
553 949 605 1018 hic
622 850 976 1045 opimirhniagnusque
994 951 1177 1044 bonusque.

110 1063 146 1122 iil
171 1053 322 1143 Polypus
342 1051 526 1142 Corcyrae,
554 1051 700 1122 caluaria
716 1054 854 1146 pinguia
874 1075 1022 1137 acarnae,

171 1157 340 1246 Purpura,
368 1155 533 1240 muriculi‚
562 1177 695 1239 murex,
722 1157 837 1228 dulces
858 1179 991 1250 quoque
1013 1155 1128 1226 echini.
1180 1225 1183 1232 ,

479 1356 762 1430 EPICHARMVS

173 1644 254 1714 Nam
278 1644 414 1714 uidebar
436 1645 602 1716 somniare
623 1645 699 1715 med
721 1667 788 1738 ego
811 1667 888 1716 esse
908 1647 1084 1718 mrirluum.
1137 1718 1145 1730 ,

586 1793 613 1863 Π
626 1791 667 1830 2*

171 1911 303 2004 Frigori
322 1911 437 1982 misce'l
458 1911 601 1982 calorem
623 1917 722 2006 alque
743 1912 847 1983 umori
870 1911 1074 1982 arihidinem.
1096 1929 1099 1937 '

66 2114 134 2162 l'lor.
149 2109 177 2176 c)
199 2113 331 2178 ‘optime
348 2113 470 2178 sapiet:
491 2129 537 2163 uec
555 2114 684 2164 tamenab
703 2113 811 2164 eruditis
825 2112 1036 2177 reprehenditur:
1070 2111 1176 2164 Glossae

65 2190 167 2233 ueteres
185 2182 219 2233 ed
230 2182 331 2232 Patron.
350 2181 404 2232 Sal.
417 2181 452 2232 93
470 2185 594 2232 ‘scarus
613 2185 693 2250 piscis
711 2182 866 2232 nobilissimi
884 2195 979 2246 genus,
998 2181 1063 2230 mari
1080 2181 1176 2248 Carpa-

65 2252 119 2301 thio
135 2251 271 2315 frequens,
290 2252 454 2301 cerebrum
469 2252 558 2302 louis
571 2254 654 2302 (licius
667 2254 699 2302 ab
712 2253 812 2302 Ennio!
965 2305 970 2318 „

98 2323 299 2372 Emicunnuvs'
324 2323 336 2371 l
356 2321 445 2371 Cicero
467 2323 546 2372 head.
568 2338 608 2388 pr.
624 2324 647 2372 ll
663 2322 704 2383 16,
720 2324 751 2374 51
773 2325 849 2370 ‘uum
867 2335 956 2370 censes
975 2320 1097 2380 Ennium,
1117 2333 1175 2370 oum

65 2393 91 2439 iu
104 2391 188 2440 hortis
204 2405 261 2440 cum
274 2389 365 2440 Seruio
380 2390 462 2441 Galba
481 2428 506 2440 ..
526 2393 696 2453 ambulasset,
722 2391 835 2441 dixisse:
865 2391 938 2439 uisus
956 2403 1013 2438 sum
1031 2389 1095 2438 mihi
1118 2405 1175 2440 uum

65 2459 149 2510 Galba
165 2460 315 2510 ambulare?
337 2461 369 2509 lli
389 2475 445 2510 curn
466 2463 615 2522 somniauit,
638 2463 674 2510 ila
691 2461 818 2511 narrauit:
847 2459 920 2509 uisus
939 2459 1064 2508 llomerus
1083 2458 1175 2509 adesse

65 2533 157 2596 poetar
176 2531 295 2593 idemque
314 2530 340 2578 iu
353 2529 507 2595 Epicharmo
524 2533 571 2579 ...'
592 2532 642 2597 (in
659 2533 821 2596 epicarmo
836 2528 901 2579 Gud.
921 2530 951 2577 iu
972 2529 1045 2592 epia
1065 2527 1174 2578 hermo

66 2597 161 2664 vinu.)
229 2600 254 2650 ll
279 2599 361 2648 Varro
382 2600 414 2650 de
433 2599 463 2648 L.
483 2599 512 2648 L.
531 2601 555 2649 V
575 2599 609 2651 oo
630 2601 665 2650 Μ.
693 2600 799 2664 ‘quibus
823 2599 915 2648 iunctis
938 2597 1036 2646 caelum
1061 2603 1086 2646 al
1108 2605 1176 2648 lem

65 2671 153 2719 omnia
174 2674 363 2733 exgeuucrum,
392 2669 461 2731 quod
478 2683 525 2734 per
541 2669 590 2720 hos
605 2678 696 2720 natura
714 2669 844 2734 frigori'
873 2683 896 2716 e.
915 2681 941 2728 q.
958 2682 979 2716 s.
1016 2666 1056 2717 CI.
1077 2666 1175 2717 Nouius

64 2755 91 2804 p.
108 2739 152 2798 71,
167 2740 201 2788 22
219 2738 429 2788 ‘caritudinem
447 2752 494 2803 pro
513 2741 639 2790 ariditate.
671 2741 754 2789 Varro
773 2735 944 2803 [ProJmelheo
963 2737 990 2785 iu
1005 2735 1070 2786 libro
1084 2737 1108 2786 1:
1126 2736 1175 2786 hu-

65 2928 129 2967 cum
147 2917 174 2967 ei
189 2908 292 2966 Cumas
305 2912 390 2984 apud.
408 2919 436 2968 ai
452 2911 519 2983 quid
535 2912 693 2982 Turnebus,
710 2909 895 2970 Cmauboaue.
913 2909 1039 2967 Surrenti
1055 2911 1175 2983 lopadas

65 2997 186 3065 (mamcli
198 2993 342 3066 chemae),
361 2999 492 3069 glaucum
509 2996 611 3054 Cumas
632 2997 719 3068 apud.
741 3004 769 3053 al
787 2996 856 3068 quid
873 2994 1007 3068 Scaliqer.
1029 2995 1176 3054 Surreniid

63 3083 174 3152 elopem
199 3081 259 3136 lace
281 3097 369 3138 emas.
391 3083 522 3153 glaucum
538 3082 575 3139 ad
590 3081 704 3140 Cumas.
726 3081 801 3150 Ouid
815 3082 967 3138 Selmoer‘us
1051 3083 1176 3140 Imela·

64 3182 166 3221 nurum
189 3166 378 3232 (menalurum
400 3165 534 3235 Dor-aiil.)
554 3167 666 3223 turdum
690 3166 827 3236 (carrium
853 3167 957 3232 Falce.)
982 3167 1174 3238 merulamque

63 3253 248 3320 umbramque
272 3251 499 3322 (umbraminque
512 3251 600 3320 Pro.)
623 3253 761 3306 marinam
777 3251 847 3310 libn'.
869 3251 1033 3319 Alburnum,
1052 3250 1174 3318 turdum,

62 3336 240 3389 melanurum
255 3351 282 3388 u.
299 3351 336 3389 m.
351 3335 411 3390 uel:
433 3338 590 3405 alburnum,
607 3336 728 3403 turdum,
747 3338 939 3408 merulamque
953 3353 981 3391 u.
995 3352 1033 3390 m.
1049 3335 1175 3392 Bitsche-

63 3420 115 3474 lr'us
129 3417 195 3474 Iud.
212 3417 298 3474 schol.
314 3419 407 3475 Bona.
424 3426 492 3476 cesi.
510 3426 577 3480 1852
590 3438 623 3493 p.
639 3419 708 3477 XV.
730 3426 787 3476 ium
806 3420 917 3475 lurdum
938 3421 1074 3476 merulam
1090 3421 1175 3475 mela-

63 3520 162 3558 nurum
179 3519 207 3558 u.
225 3520 262 3562 m.
280 3502 458 3561 Schraderus
541 3504 693 3572 Mundam,
710 3504 833 3569 lurcium,
848 3505 1021 3560 melanurum
1033 3505 1177 3559 coniunaeii

64 3588 211 3644 Columella
226 3601 332 3659 quoque
353 3587 432 3644 VIII
444 3594 517 3657 16,ss
601 3587 652 3644 Hic
668 3601 768 3644 uersus
783 3590 864 3661 uulqo
875 3591 941 3658 posi
953 3591 971 3646 8
985 3593 1041 3648 ete
1056 3589 1153 3660 lepitur

102 3678 255 3731 escarum
270 3674 403 3742 praeterii
418 3673 483 3730 libri
565 3675 704 3729 celebrum
716 3674 796 3728 Flor.
810 3671 954 3728 cDoruill.
1039 3672 1175 3731 eolesio-

63 3757 101 3812 ris
116 3756 192 3811 Pith-
282 3763 315 3815 10
337 3759 454 3830 pinguia
468 3773 554 3814 carna
570 3757 648 3814 Flor.
665 3773 690 3813 c.
711 3757 827 3829 pinguia
848 3755 951 3813 carnale
973 3754 1091 3813 Domill.
1113 3756 1175 3827 pin·

64 3843 130 3912 guia
152 3840 278 3896 ntarnae
300 3839 375 3898 Pilia.
462 3848 495 3901 ll
517 3857 670 3914 purpuram
686 3841 798 3898 Flam
818 3841 891 3898 Pilia.
911 3841 1030 3897 Dorur'll.
1114 3857 1174 3896 mu·

64 3925 145 3981 riculi
162 3925 318 3981 romena.
334 3927 475 3982 matriculi
490 3928 570 3984 I'lor.
585 3943 603 3981 a
618 3925 720 3983 cero.
738 3927 798 3982 edd.
815 3931 869 3983 uel.
886 3925 1021 3981 matriculi
1035 3924 1153 3981 Domill.

104 4025 206 4066 murex
221 4008 410 4068 Cesettianus.
425 4027 520 4067 mures
536 4012 615 4071 Flor.
631 4009 737 4066 apae.
749 4009 811 4067 ede.
826 4016 880 4068 uel.

106 4115 121 4166 l
144 4108 307 4178 sompniare
326 4109 387 4167 Eri.
409 4108 490 4167 Vinci.
506 4111 576 4167 Curi.
662 4110 729 4166 med
748 4127 802 4183 ego
827 4125 892 4166 esse
912 4105 1068 4178 Manciae,
1089 4107 1173 4164 Iam-

64 4193 151 4248 ln'nus.
175 4209 221 4246 me
238 4199 333 4264 elego
349 4211 414 4250 esse
428 4195 489 4253 Erl.
511 4195 591 4252 Vina.
608 4195 678 4252 eud.
695 4211 757 4252 cum
770 4196 832 4252 airis
845 4195 930 4256 libris,
953 4211 1007 4266 ego
1027 4193 1093 4249 med
1107 4209 1172 4249 esse

66 4276 191 4350 Scaiiqer
205 4276 281 4334 euni.
300 4295 333 4350 p.
346 4283 390 4338 26.
412 4287 515 4335 memet
535 4295 600 4335 esse
616 4279 762 4336 Emanius
845 4285 863 4338 2
883 4279 993 4335 humori
1007 4279 1089 4352 culpo
