2784 4940
516 357 747 416 ENNIANAE
1056 373 1181 422 xxxvu

69 528 243 600 exortaque
262 522 338 581 inter
358 521 464 582 iratres
487 526 656 586 certamine.
677 525 751 587 Vide
762 523 950 588 Niebuhrinm
970 525 990 586 l.
1004 526 1023 587 l.
1040 527 1180 607 Schweg·

70 632 170 690 lerum
196 628 217 687 Ι.
240 627 259 687 I.
282 647 312 707 p.
336 627 409 689 388.

159 732 262 812 Itaque
282 733 422 794 Romulus
442 736 471 793 in
493 734 623 796 Palatino
645 735 745 798 urbem
768 739 876 800 extruit
903 756 938 800 ac
967 755 1048 799 muro
1078 739 1180 819 firmat,

70 842 285 903 transilientem
303 840 424 902 Remum
442 840 595 900 obtruncat
617 842 660 901 his
683 841 782 902 uerbis
804 844 922 906 additis:
955 863 1007 904 nec
1028 850 1079 921 pei
1102 850 1181 908 doram

69 955 220 1028 quaequam
239 951 327 1024 facia
350 953 454 1023 inpune
471 952 609 1008 animatas
630 951 693 1009 Hoc
714 948 847 1029 (LVIII).
897 949 943 1010 Ad
965 959 1078 1030 raptum
1099 951 1181 1012 sati·

73 1073 178 1115 narum
200 1055 248 1134 qui
270 1062 353 1114 certo
376 1052 522 1114 referatur
543 1071 659 1130 uersus,
682 1073 754 1115 unus
775 1072 865 1134 snper
884 1065 931 1115 est
952 1055 1050 1136 (LX):
1078 1075 1116 1117 ex
1139 1057 1180 1118 in·

73 1160 165 1222 certIs
185 1160 242 1220 que
264 1159 392 1240 pertinet
414 1158 542 1220 fortasse
556 1160 583 1219 V
599 1161 676 1220 coni·
698 1159 841 1236 Dionysio
859 1162 952 1224 IIalic.
978 1162 1077 1242 Antiq.
1096 1162 1180 1225 Rom.

71 1268 98 1329 II
124 1267 166 1328 32
187 1286 215 1346 p.
239 1255 307 1328 303¹
323 1264 424 1324 Retsk.
446 1257 486 1338 ὡς
507 1263 540 1326 δὲ
561 1260 707 1345 διεβοήθη
721 1256 758 1326 td
788 1266 855 1348 trapi
880 1259 936 1349 τὴν
949 1259 1097 1350 ’ἁρπαγὴν
1122 1273 1183 1332 τῶν

69 1372 238 1454 παρθένων
255 1369 307 1432 καὶ
327 1360 364 1431 td
385 1367 450 1450 aspi
468 1362 536 1445 τοὺς
554 1364 668 1451 γάμους
688 1369 729 1443 εἰς
747 1361 800 1444 τὰς
815 1369 1035 1457 πλησιοχώρους
1051 1368 1159 1450 πόλεις.

159 1479 222 1541 Ioui
241 1477 375 1538 Feretrio
398 1487 466 1555 post
487 1495 612 1557 pugnam
634 1474 856 1538 Caeninensium
877 1481 1015 1560 templum
1027 1501 1044 1542 a
1057 1481 1182 1546 Romulo

69 1587 261 1662 aedificatur,
297 1582 523 1642 uetustissimum
551 1581 672 1642 Romae.
727 1582 770 1644 Ea
799 1587 958 1646 occasione
988 1588 1074 1650 iudos
1101 1590 1180 1667 ilios,

71 1710 150 1772 quos
178 1693 298 1752 Samius
321 1689 349 1748 in
370 1687 478 1764 Georg.
502 1686 612 1750 11384
636 1687 731 1767 (LXI)
755 1688 900 1768 perhibet,
922 1695 1068 1756 institutos
1090 1695 1181 1758 aiio·

70 1800 153 1858 mulo
170 1796 358 1858 crediderim:
380 1812 526 1874 pompam,
544 1813 599 1872 qua
616 1796 644 1854 in
659 1793 759 1854 urbem
774 1796 925 1873 ingressus
937 1801 985 1874 sit,
1005 1801 1181 1880 explicatius

69 1905 232 1979 Dionysius
247 1901 340 1961 Helio.
358 1900 456 1980 Antip.
474 1900 556 1968 Rom.
573 1900 655 1962 1134
672 1920 701 1981 p.
719 1901 780 1962 307
800 1900 900 1963 Reisk.
921 1915 1028 1982 narrat,
1052 1907 1090 1968 de
1106 1908 1181 1970 indis

70 2008 155 2070 nihil.
191 2006 254 2068 Nec
275 2009 300 2066 si
323 2008 387 2087 quis
410 2007 447 2068 de
470 2009 595 2068 Statoris
616 2007 726 2086 templo
752 2009 831 2070 malit
846 2010 995 2087 cogitare,
1019 2031 1078 2091 ego
1094 2015 1181 2076 inter·

70 2116 187 2177 cedam.
228 2114 274 2174 Ad
293 2113 375 2191 ipsos
397 2121 492 2173 autem
515 2112 599 2174 iudos
610 2123 780 2192 praeeunte
799 2113 929 2191 lihergio
949 2117 1049 2178 refero
1072 2129 1102 2180 et
1124 2121 1181 2182 hoc

70 2237 88 2277 a
114 2217 220 2277 Seruio
242 2219 271 2277 in
292 2217 366 2279 Aen.
395 2217 435 2279 III
458 2218 518 2280 384
543 2219 570 2276 in
594 2219 740 2296 pedestris
762 2220 854 2297 magis
877 2221 1016 2283 omttants
1038 2225 1179 2303 speciem,

71 2342 160 2404 quam
181 2326 210 2383 in
230 2343 332 2385 uersus
352 2343 389 2385 ac
409 2325 492 2386 metri
517 2325 638 2386 formam
659 2335 805 2386 seruatum
828 2324 1036 2402 fragmentum:
1057 2332 1180 2403 confric-

70 2440 146 2509 tiqaa
174 2438 232 2492 aleo
254 2438 351 2494 laniati
377 2441 404 2491 et
422 2435 461 2492 ad
480 2453 561 2492 arma
580 2439 679 2508 parati
700 2430 807 2511 (LXII)
832 2440 861 2492 ei
882 2436 1030 2508 beilicrepa
1052 2431 1180 2512 (LXIII),

71 2556 160 2616 quarn
185 2555 288 2598 uocem
313 2557 330 2600 a
356 2537 445 2598 Festo
474 2538 565 2617 (uide
590 2537 707 2598 Paulum
737 2555 765 2616 p.
795 2537 835 2598 35
861 2535 916 2614 tt.)
948 2555 985 2596 ex
1009 2537 1102 2599 Ennio
1130 2538 1180 2599 de·

70 2654 238 2724 promptam
261 2663 329 2705 esse
351 2644 385 2705 0.
410 2643 569 2705 IIueIierus
593 2645 758 2722 suspicatus
781 2651 836 2702 est.

159 2750 206 2810 De
226 2750 307 2820 'helio
327 2770 392 2812 cnm
413 2751 485 2829 ipsis
507 2750 621 2811 Sabinis
643 2758 730 2828 gesto
753 2766 810 2808 non
832 2747 949 2808 multum
971 2747 1041 2808 iicet
1063 2767 1081 2809 e
1102 2748 1180 2827 frag·

69 2865 235 2916 mentorum
262 2859 402 2919 tenuitate
433 2857 595 2935 dispicere:
626 2857 653 2915 in
678 2857 785 2916 initmm
807 2854 878 2916 beili
906 2854 1010 2931 relego
1032 2854 1102 2916 satis
1123 2874 1180 2916 am·

71 2964 181 3039 biguae
205 2973 236 3022 ut
264 2965 357 3025 sentio
387 2964 466 3024 sedis
492 2963 683 3037 fragmentum
710 2958 815 3020 LXIV:
849 2959 984 3020 adiuuant
1015 2961 1181 3038 opinionem

72 3067 195 3129 Ouidius
217 3068 286 3130 tta.
311 3069 380 3130 XIV
402 3071 463 3132 779
492 3073 639 3142 Tatiusque
663 3076 819 3142 patresque
842 3069 939 3126 Sabini
966 3072 1047 3128 Beita
1071 3080 1180 3145 paam.

71 3181 203 3250 arctaque
223 3183 270 3236 aia
291 3180 413 3252 Tarpeia
431 3180 540 3236 reclusa
558 3177 677 3248 omnam
698 3175 818 3230 animam
836 3190 930 3246 poena
949 3180 1082 3250 conparat
1105 3181 1184 3234 etcait

73 3285 173 3338 arma.
203 3283 273 3342 Inda
290 3288 345 3340 sati
359 3285 475 3342 Caribus
495 3287 640 3340 tacitorum
655 3296 732 3338 more
745 3282 874 3352 luporum
891 3282 946 3339 Ore
954 3288 1087 3356 premam
1100 3299 1182 3340 acces

73 3397 103 3446 et
120 3406 274 3462 corpora
289 3394 389 3448 uicta
405 3405 535 3462 sopore
550 3388 748 3444 Inuadaat:
763 3381 963 3459 etDIottysIus
976 3382 1067 3444 Helio.
1082 3383 1179 3463 Antio.

75 3491 161 3550 Rom.
184 3490 210 3550 II
231 3492 270 3554 38
293 3510 322 3572 p.
345 3493 405 3554 316
428 3492 529 3552 Reisit.
551 3478 661 3570 padda
682 3484 714 3548 dd
734 3477 790 3566 τὴν
803 3480 994 3570 παρασκευὴν
1007 3483 1105 3550 αὐτῶν
1122 3481 1180 3549 Τά-

74 3585 169 3669 cogi
193 3599 252 3658 τῶν
268 3597 409 3677 Σαβίνων
430 3588 567 3677 βασιλεῦς
587 3585 720 3666 νυκτὸς
748 3587 961 3672 ἀναστήσας
988 3586 1051 3654 τὸν
1078 3610 1182 3670 στρα-

74 3695 140 3763 τὸν
164 3687 227 3782 ἦγε
253 3694 314 3764 διὰ
337 3707 403 3782 τῆς
425 3697 553 3785 χώρας.
597 3700 740 3761 incertius
767 3718 938 3778 quamquam
960 3716 1017 3758 non
1040 3700 1179 3776 ineptum,

75 3811 154 3890 quod
178 3809 271 3870 editor
290 3810 448 3890 Lipsiensis
476 3811 533 3870 hoc
552 3826 639 3870 uersu
666 3826 721 3867 rea
741 3811 838 3866 made
857 3812 956 3866 citatas
975 3809 1106 3866 Conaettit
1122 3823 1182 3866 sere

77 3918 149 3995 (inc.
172 3915 235 3976 sed.
255 3915 311 3995 VI)
334 3915 487 3977 Romulum
509 3915 657 3993 designari
675 3914 796 3993 putauit,
819 3913 868 3992 qui
890 3911 989 3972 Iouem
1014 3913 1181 3989 Inprecatus

76 4041 179 4100 magna
200 4024 229 4082 ui
250 4023 279 4082 in
301 4023 403 4083 hostes
426 4023 555 4082 incurrit.
578 4018 623 4081 Gt.
644 4020 741 4080 Liuius
764 4019 800 4080 ab
822 4019 894 4079 urbe
914 4018 1032 4080 condl
1058 4016 1096 4077 12
1110 4022 1181 4080 daec

73 4139 207 4206 precatus
230 4174 237 4188 .
259 4175 266 4188 .
285 4175 291 4188 .
311 4135 457 4190 ,rectiora
477 4132 598 4188 Rotnani
623 4139 762 4204 tamquam
783 4127 895 4187 caelesti
912 4145 981 4188 uoce
998 4131 1079 4186 daei.-
1100 4131 1181 4202 ipsc

77 4243 121 4297 ad
136 4243 318 4312 primores
339 4242 512 4298 Romulae
528 4242 712 4313 prouolat.
754 4233 802 4294 to.
827 4232 904 4294 LXV
923 4232 1046 4296 SabInas
1075 4233 1103 4292 iu
1122 4251 1182 4294 tue·
