2796 4948
234 361 296 430 170
674 365 901 424 uvnuttultt

232 540 284 606 set
306 555 403 630 quam
423 534 604 620 8111111111,
630 525 753 606 idcirco
769 537 802 604 11
819 534 909 626 quod
930 533 1063 605 uidebat
1083 540 1225 606 matrem
1249 539 1339 628 atque

233 661 368 712 sorores
390 660 470 708 suas
489 661 624 731 operam
644 639 724 708 dare
740 641 777 719 ut
792 637 956 708 Saturnus
977 643 1151 729 regnaret,
1179 639 1340 709 concessit

177 745 215 806 10
233 743 263 812 11
287 747 323 812 ut
347 743 375 811 is
397 748 562 833 regnaret.
609 736 722 833 ltaqire
744 743 861 857 pactus
881 745 934 810 est
958 762 1032 810 curn
1053 742 1221 827 Saturno,
1248 743 1295 810 uti
1317 741 1340 809 si

233 845 311 939 quid
339 845 477 915 liberum
502 843 606 914 uirilis
634 865 737 913 sexus
765 843 795 911 ei
824 846 935 912 natum
961 847 1068 928 esset,
1102 867 1143 914 ne
1177 797 1340 914 educaret

182 948 317 1041 ld
289 970 361 1018 erus
389 947 434 1016 rei
460 969 564 1016 causa
583 947 675 1032 tecit,
703 945 750 1015 uti
770 945 812 1015 ad
838 967 920 1015 suos
946 949 1069 1038 gnatos
1089 971 1236 1040 regnum
1258 948 1341 1017 redi-

234 1054 292 1122 ret.
332 1051 415 1120 Turn
436 1049 687 1120 Saturnotilius
708 1048 763 1142 qui
783 1047 908 1139 primus
933 1052 1114 1136 natusest,
1142 1073 1223 1120 eum
1247 1041 1342 1119 ncca-

234 1159 361 1223 uerunt
397 1153 523 1222 Deinde
545 1152 712 1244 posterius
730 1152 796 1221 nati
817 1155 894 1221 sunt
912 1152 1053 1245 gemini,
1080 1106 1232 1245 ldppiter
1250 1157 1342 1244 atquc

177 1261 214 1322 15
233 1257 324 1327 luno
364 1257 447 1326 Tum
468 1256 624 1326 lunonem
641 1255 701 1324 Sat
687 1258 785 1324 turno
808 1255 840 1323 in
863 1258 1076 1346 conspectum
1101 1257 1229 1326 dedere
1250 1263 1342 1348 atque

232 1361 345 1432 louem
366 1359 449 1430 clam
475 1358 681 1429 abscondunt
708 1359 851 1449 dantque
877 1379 952 1428 eum
972 1358 1098 1428 Vestae
1125 1359 1341 1448 educandum,

233 1463 378 1532 celantes
410 1460 598 1532 Saturnum.
649 1461 728 1530 Item
760 1461 947 1552 Neptunum
983 1462 1066 1532 clam
1097 1441 1248 1532 Saturno
1278 1460 1342 1552 Ops

233 1565 333 1655 parit,
368 1585 509 1656 eumque
531 1562 714 1633 clanculum
741 1563 923 1634 abscondit
973 1564 1027 1633 Ad
1046 1567 1190 1636 eundem
1212 1567 1342 1636 modum

232 1666 329 1736 tertio
364 1669 460 1756 partu
489 1664 559 1838 Ops
594 1667 678 1757 parit
714 1666 867 1758 geminos
899 1667 1073 1737 Plutonem
1107 1674 1140 1738 11
1174 1669 1339 1740 Glaucam.

174 1773 214 1862 20
231 1770 329 1839 Pluto
348 1769 462 1840 Latine
485 1772 537 1839 est
556 1769 615 1840 Dis
636 1772 746 1860 pater:
775 1770 829 1840 alii
846 1749 968 1841 Orcdm
991 1775 1120 1841 uocant.
1168 1773 1218 1842 lbi
1239 1773 1341 1842 Glau-

232 1895 303 1943 cam
331 1872 432 1944 filiam
455 1871 598 1943 Saturno
628 1873 886 1957 ostendunt,t
851 1876 886 1943 at
909 1873 1011 1944 tilium
1034 1874 1111 1944 Plut
1097 1878 1214 1946 tonem
1241 1847 1382 1946 celnntl

231 1980 330 2070 atque
352 1975 568 2046 abscondunt.
607 1975 732 2045 Deinde
754 1975 879 2046 Glauca
904 1999 1008 2068 parua
1035 1979 1205 2068 emoritur.
1258 1979 1342 2074 Haec

230 2084 267 2148 ut
286 2077 409 2170 scripta
430 2089 507 2148 sunt
526 2077 615 2148 louis
638 2080 841 2172 fratrumque
870 2081 942 2150 eius
964 2080 1064 2171 stirps
1087 2061 1187 2174 atque
1213 2105 1340 2174 cogna-

230 2183 276 2253 tio
296 2183 328 2252 in
348 2182 436 2252 hunc
456 2181 590 2252 modum
613 2182 708 2252 nobis
728 2205 884 2252 exsecra
904 2182 1080 2274 scriptione
1100 2185 1224 2255 tradita
1244 2190 1303 2255 est
1381 2205 1382 2256 t

761 2331 810 2401 IV

172 2469 213 2530 25
335 2461 461 2530 Deinde
486 2461 581 2531 Titan
606 2464 780 2555 postquam
809 2461 942 2530 resciuit
970 2461 1114 2534 Saturno
1142 2465 1233 2536 filios
1262 2489 1340 2558 pro-

232 2568 361 2633 creatos
391 2569 490 2656 atque
525 2566 684 2636 educatos
710 2587 786 2634 esse
816 2564 917 2649 clam
951 2566 1079 2635 seducit
1112 2589 1227 2638 secum
1257 2569 1356 2638 filios·

231 2687 313 2736 suos
335 2689 390 2759 qur
382 2666 511 2736 Titani
532 2672 710 2754 uocantur,
737 2669 937 2760 fratremque
960 2691 1057 2739 suum
1080 2668 1260 2741 Saturnum
1289 2675 1339 2741 at-

231 2791 295 2862 que
314 2767 418 2860 Opem
440 2770 686 2942 comprehendit
707 2793 832 2865 eosque
851 2793 946 2840 muro
963 2773 1155 2866 circumegit
1173 2779 1206 2844 et
1225 2779 1340 2846 custo

230 2873 315 2942 diam
338 2871 389 2942 his
407 2874 551 2964 apponit
766 2977 800 3043 V

335 3105 517 3176 Columella
534 3107 579 3176 lx
597 3116 617 3176 2
646 3111 722 3175 ‘nec
746 3128 827 3175 sane
852 3106 974 3175 rustico
997 3105 1134 3198 dignum
1153 3109 1205 3176 est
1225 3107 1337 3177 scisci-

230 3207 307 3294 tari,
348 3209 489 3279 tueritne
525 3209 642 3280 mulier
676 3208 894 3300 pulcherrima
931 3210 1041 3299 specie
1076 3209 1212 3280 Melissa
1245 3231 1337 3303 quam

231 3311 375 3403 luppiter
400 3313 433 3381 in
463 3335 556 3404 apem
584 3313 745 3383 conuertit
775 3334 816 3380 an
849 3315 884 3380 ut
913 3311 1170 3382 Euhemerus
1200 3311 1336 3404 poe'ta’

229 3531 239 3579 l
253 3528 317 3577 114
334 3529 415 3577 ‘nuuc
428 3528 547 3591 quoniam
562 3527 593 3577 ab
604 3527 645 3576 his
659 3541 723 3590 quae
734 3525 877 3576 rettulimus
890 3525 1072 3589 aliquantulum
1089 3527 1280 3579 sacmhistoria
1290 3527 1337 3578 dis·

232 3598 322 3657 sentit,
341 3598 487 3662 aperiamus
505 3612 617 3660 eaquae
635 3597 703 3646 ueris
723 3596 814 3645 litteris
837 3597 1010 3656 continentur,
1029 3611 1061 3647 ne
1079 3599 1212 3663 poetarum
1231 3598 1336 3665 ineptias

232 3670 257 3718 in
282 3667 433 3718 accusandis
453 3667 623 3732 religionibus
641 3667 714 3730 sequi
735 3681 764 3715 11
778 3665 887 3731 probare
906 3665 1048 3716 uideamur.
1080 3667 1148 3716 Haec
1169 3668 1246 3717 Ennii
1264 3667 1337 3718 uerba

232 3745 302 3788 sunt:
331 3737 406 3786 exin
502 3737 627 3786 tradita
650 3743 705 3786 est.
748 3736 811 3784 Item
832 3735 910 3801 paulo
931 3735 1072 3801 posthaec
1092 3735 1181 3786 infert:
1209 3737 1335 3788 deinde'

232 3825 254 3858 1.
270 3823 294 3870 q.
311 3822 332 3856 s.
367 3805 467 3856 Verba:
486 3804 564 3856 ‘haec
576 3813 604 3854 ut
618 3806 713 3871 scripta
725 3806 796 3854 sunt'
819 3821 842 3855 e.
859 3821 883 3869 q.
899 3821 925 3856 s.·
942 3820 974 3854 ne
995 3807 1052 3868 quis
1066 3805 1192 3855 Lactantii
1213 3819 1335 3857 1111111-

232 3930 440 3942 ...-—--—

232 3999 386 4086 ἄριστος
474 4011 509 4064 20
534 4005 662 4076 Dispater
686 4006 751 4077 utiq.
779 4005 842 4060 libri
861 4002 945 4062 isaei.
975 4004 1110 4078 diispater
1136 4009 1194 4062 siue
1225 4007 1336 4078 dispiter

232 4090 1025 4166 1111119111.1111111111111111111111111111.
1055 4091 1098 4163 Of.
1117 4089 1334 4147 VorrodeL.L.

239 4179 316 4238 Vos
336 4177 377 4232 M.
469 4181 501 4234 21
526 4191 558 4229 11
579 4175 662 4246 numo
712 4175 720 4186 '
752 4179 788 4234 18
811 4191 890 4230 muro
912 4176 1075 4248 circumegit
1090 4177 1219 4248 plerique
1233 4176 1337 4231 libriet

232 4264 293 4318 edd.
311 4277 412 4318 omnes.
429 4275 525 4316 muros
540 4259 704 4330 circumegit
717 4259 772 4316 duo
788 4259 859 4334 Rep-
876 4275 993 4332 quorum
1006 4261 1077 4316 alter
1090 4266 1132 4316 est
1144 4262 1334 4316 uetustisscnue
