2770 4946
514 353 755 424 auriculas
1146 345 1189 412 att

183 527 332 620 Namque
346 523 527 617 Aesculapi
546 523 726 595 liberorum
743 520 846 591 saucii
866 521 1188 616 opplentporticus:

181 630 253 700 Non
278 629 368 722 potis
393 627 516 698 accedi.
544 625 615 719 [set
642 623 792 696 trementi
810 624 935 718 ,genua
959 627 1049 696 lassa
1064 627 1213 710 “εόῐι(ῑί-Ι

180 835 295 928 Neque
321 799 462 926 singnis
489 831 559 902 ullo
587 832 676 924 potis
705 726 878 1002 esissiito
903 831 1074 924 profluens
1103 852 1189 901 con-

738 953 786 1002 srs
801 955 867 1004 ere.
912 991 916 1006 .
989 979 999 984 -

181 1037 307 1133 [ltaque
330 1038 395 1109 hnic
419 1037 536 1108 dolore
554 1037 795 1152 consternatus.
808 1037 949 1130 gressus
967 1037 1082 1108 tardos
1102 1037 1189 1110 edn-

107 1251 149 1314 20
181 1244 219 1314 Si
236 1244 295 1338 qui
309 1221 472 1336 sapientiai
489 1242 599 1336 magis
617 1139 840 1313 uestratiiilti’is
862 1241 1003 1314 deuitari
1021 1244 1142 1334 potest.

504 1377 521 1415 s
744 1377 761 1415 a

623 1435 640 1472 it

148 1570 492 1592 .......
524 1517 551 1586 ’.
607 1570 615 1586 .
669 1571 677 1587 .
730 1517 786 1609 qui
809 1515 902 1586 alteri
926 1515 1062 1587 exitium
1083 1522 1188 1610 parat,

180 1621 266 1691 Eum
289 1623 374 1691 seire
393 1623 539 1712 oportet,
567 1619 628 1690 sibi
647 1623 800 1712 paratum
819 1619 947 1710 pestem
964 1625 1001 1689 ut
1017 1622 1189 1715 participe't

740 1745 863 1814 parem.

504 1858 521 1895 a
744 1857 761 1894 a

623 1916 640 1954 ἡ

541 1994 724 2067 Patricoles

178 2097 346 2192 Eloquere
376 2098 532 2192 eloquere
561 2099 616 2170 res
644 2099 815 2271 rirgipiqqrt
841 2097 967 2190 proelio
992 2101 1028 2168 ut
1049 2121 1086 2170 se
1106 2101 1189 2171 stis·

177 2407 253 2477 Non
265 2405 354 2498 potis
368 2404 469 2476 ecfari
483 2303 730 2493 tfinffutffiqqpss’
748 2407 907 2501 quantum
921 2404 1016 2477 iactis
1032 2406 1187 2500 suppetit.

504 2540 520 2579 a
664 2589 668 2598 Α
743 2541 760 2579 a

623 2601 640 2638 it

109 2688 150 2752 25
179 2678 258 2748 'Vbi
284 2680 417 2749 fortuna
433 2679 588 2751 Hectoris
614 2684 762 2752 nostram
786 2699 897 2876 aqrderq
910 2677 1023 2874 qaciem
1046 2678 1189 2750 inclina-

732 2784 800 2853 tam
857 2804 875 2852 e
898 2781 909 2851 i

75 2997 195 3047 parem.
227 2981 344 3031 Abduoet
358 2983 497 3034 Patricoles
505 2985 521 3043 ,⁹
547 2983 600 3047 (sic
620 2984 685 3036 Gud,
701 2985 765 3052 Reg.
787 2984 958 3034 Patrocles
976 2981 1067 3046 ceteri)
1085 2984 1187 3042 ‘credo,

75 3061 101 3100 ut
119 3053 237 3102 conlocet
256 3051 282 3099 iu
302 3052 396 3110 cubili,
415 3061 443 3102 ut
460 3054 553 3103 uolnus
574 3053 684 3120 obliget:
703 3057 725 3104 si
740 3055 843 3118 quidem
857 3055 934 3104 horno
949 3061 1023 3104 esset.
1057 3052 1109 3103 Sed
1123 3054 1188 3104 nihil

75 3123 128 3172 uidi
141 3123 237 3172 minus.
265 3119 369 3179 Quaerit
384 3124 452 3172 enim
466 3124 528 3186 quid
543 3130 627 3173 aetum
641 3125 689 3173 sit:
711 3125 867 3188 eloquere
940 3124 1103 3188 suppetit.
1139 3124 1188 3172 La-

75 3191 170 3240 berisz’
198 3190 252 3255 (sio
269 3190 408 3242 Bentleius.
435 3193 561 3248 laboris
583 3192 657 3258 libri)
688 3195 808 3257 ‘quiesce
830 3196 909 3260 igitur
932 3202 956 3243 et
970 3193 1074 3248 ,uolnus
1099 3192 1187 3259 alliga.

76 3261 157 3310 Etiam
176 3261 200 3309 si
214 3260 361 3324 Eurypylus
381 3269 483 3327 posset,
507 3277 558 3312 uon
578 3271 665 3327 posset
679 3264 812 3328 Aesopus:
838 3265 895 3313 ubi
917 3263 1062 3313 iortuua’
1083 3277 1106 3311 e.
1124 3278 1149 3325 q.
1165 3278 1186 3311 s.

76 3332 113 3378 ‘et
127 3337 214 3381 cetera
234 3330 347 3394 explieat
366 3332 391 3381 in
407 3330 513 3382 dolore!
546 3333 617 3381 ldem
630 3332 699 3383 Orat.
714 3333 758 3391 46,
774 3333 824 3384 155
850 3335 949 3396 ‘itaque
969 3332 1052 3382 idem
1073 3335 1187 3396 poeta,

77 3401 117 3461 qui
134 3401 284 3449 inusitatius
306 3408 478 3451 contraxerat:
498 3403 578 3468 patris
599 3403 650 3452 mei
667 3417 752 3452 meum
771 3401 866 3452 lactum
878 3403 974 3468 pudet,
993 3415 1054 3466 pro:
1074 3415 1188 3452 meorum

76 3468 217 3529 laetorum,
237 3475 277 3518 et:
300 3471 412 3531 texitur,
431 3473 538 3521 exitium
559 3487 667 3522 examen
688 3474 770 3538 rapit,
790 3486 851 3538 pro:
871 3472 1022 3530 exitiorum,
1040 3483 1091 3518 uon
1111 3470 1186 3520 dicit:

118 3680 153 3735 to
174 3691 297 3747 namque
313 3675 378 3732 libri
386 3679 523 3751 pton'qae.
546 3695 611 3736 nam
631 3679 691 3734 eod.
706 3678 817 3736 Davisii
918 3681 951 3737 17
972 3676 1045 3748 potis
1061 3675 1187 3732 Bottiaia.

75 3766 167 3830 potest
183 3760 247 3816 latri
349 3766 384 3821 18
406 3778 496 3836 neque
512 3765 717 3836 litripleriqae.
740 3781 793 3820 nee
812 3761 1084 3820 anuscod.1)aaiaii

76 3851 109 3902 20
130 3845 218 3916 siqui
235 3845 305 3901 Gad.
323 3845 393 3918 Ray.
409 3845 498 3904 Rern.
521 3847 583 3904 Vat.
604 3849 627 3904 si
649 3864 704 3919 qua
718 3848 798 3904 codd.
812 3850 877 3920 aliq.
894 3865 946 3905 seu
959 3860 1032 3903 attat
1050 3845 1110 3902 cod.
1126 3845 1186 3902 Do·
1225 3839 1228 3844 ’

76 3931 139 3984 aisti
243 3935 278 3988 Ὦ
300 3936 428 4000 paratum
442 3933 592 3988 Bentleius.
609 3939 735 4004 paratam
751 3933 816 3989 tilam·
920 3938 955 3992 23
977 3933 1109 4002 eloquere
1130 3931 1188 3984 elo·

77 4029 163 4083 quere
179 4015 249 4070 Greci.
266 4015 408 4086 eloquere,
426 4019 524 4084 temet,
540 4021 626 4074 ceteri
730 4023 765 4076 it
779 4035 835 4073 non
850 4019 923 4089 potis
942 4017 1029 4073 ecfari
1043 4015 1186 4072 Dauisius.

77 4113 132 4152 non
145 4105 238 4169 potest
252 4097 324 4154 haec
340 4100 391 4154 sari
405 4101 475 4157 libri.
491 4115 547 4156 non
561 4107 653 4172 potest
666 4103 754 4158 ecfari
774 4102 933 4159 Victoriana
1038 4105 1073 4160 25
1086 4099 1186 4156 Hecto-

76 4182 126 4250 ris]
157 4183 196 4254 εί.
217 4183 429 4241 Andromachae
447 4185 490 4256 fr.
507 4185 574 4243 XII
656 4203 750 4242 aerem
777 4187 828 4243 ont.
850 4187 904 4244 duo
932 4186 1022 4246 Oaeoa.
1109 4182 1187 4239 dedit

79 4264 110 4320 0.
125 4266 305 4335 Ribbeclrias,
328 4284 381 4324 om.
395 4269 459 4324 libri
