2770 4946
627 331 859 390 ANNALIVII

295 615 502 708 Contempsit
523 617 633 688 lontes
651 499 859 710 qlititilxsssese
879 617 991 712 surgit
1008 639 1116 712 aquae
1136 618 1199 688 uis.
1288 613 1293 620 ’

664 753 832 824 LXXXIII
1056 827 1060 830 .

294 856 422 930 Interea
440 856 527 952 fugit
547 855 643 926 albus
664 857 759 927 iubar
780 856 983 950 Hyperionis
1005 881 1148 929 cursum.

657 975 832 1047 LXXXIV

293 1080 372 1151 Inde
389 1077 544 1171 patefecit
561 1079 660 1149 radiis
677 1084 751 1150 rota
770 1080 910 1150 candida
930 1079 1066 1150 caelum.

667 1195 828 1268 LXXXV

293 1299 366 1370 Hos
386 1301 490 1391 pestis
508 1299 633 1386 necuit,
660 1323 740 1391 pars
758 1301 876 1371 occidit
892 1301 948 1370 illa
964 1299 1092 1370 duellis.

656 1417 829 1489 LXXXVI

110 1527 115 1543 “
204 1529 266 1591 550
293 1519 362 1590 Vix
379 1520 522 1591 solidum
541 1521 708 1613 complere
728 1520 847 1591 cohum
867 1519 1049 1591 terroribus
1068 1519 1150 1588 caeli

650 1658 838 1734 LXXXVII

293 1758 417 1833 Omnes
439 1760 595 1830 mortales
617 1783 694 1832 sese
716 1761 880 1834 laudarier
901 1765 1025 1852 optant.

646 1897 847 1971 LXXXVIII

293 1995 376 2066 Cum
394 1995 582 2089 legionibus
600 2023 700 2094 quom
718 2001 939 2094 proficiscitur
960 1997 1175 2089 induperator

189 2197 252 2261 que·
282 2215 306 2248 e.
330 2215 356 2262 q.
380 2213 402 2248 s.
472 2199 593 2252 LXXXII
619 2205 733 2259 Incertus
762 2205 795 2255 de
814 2205 894 2256 uerbo
922 2201 1018 2270 (Auel.
1041 2199 1153 2251 Vindob.
1177 2199 1204 2264 p.
1234 2199 1304 2265 173)

190 2271 371 2318 ‘eructo
388 2277 427 2318 est
447 2283 463 2319 a
482 2271 562 2322 uerbo
584 2276 701 2340 erugit.
733 2275 831 2325 Ennius
847 2275 900 2325 ...’
929 2272 1074 2323 Macrobius
1092 2270 1194 2320 dedlff·
1209 2277 1302 2320 etsoc-

190 2337 280 2386 Graeci
292 2346 316 2387 et
327 2338 383 2389 Lat.
397 2340 515 2391 11111121
532 2342 558 2408 (1
571 2357 597 2407 p.
611 2346 663 2396 270
675 2342 749 2408 Ian.)
774 2348 885 2395 ‘eructat
905 2341 1119 2406 frequentatiuurn
1138 2348 1176 2388 est
1195 2355 1211 2388 a
1230 2342 1304 2405 prin-

189 2406 268 2472 cipali
295 2409 402 2474 erugit
429 2424 531 2472 aquae
555 2415 623 2462 uis.'
647 2414 787 2480 (erugit.
811 2415 950 2464 Ennius:
980 2411 1089 2478 erugit
1115 2425 1220 2472 aquae
1250 2412 1303 2458 uls

186 2477 311 2537 Zeunius,
332 2479 425 2538 Ianus,
449 2481 499 2530 uisi
514 2481 583 2542 quod
602 2482 645 2532 hic
662 2485 830 2550 exerugit:
849 2485 927 2534 immo
945 2488 1026 2531 toturn
1046 2480 1175 2529 Macrobio
1197 2495 1301 2529 uersum

186 2547 319 2597 restituere
334 2546 475 2614 debebant)
544 2551 678 2602 LXXXIII
696 2553 842 2603 PriscIauus
854 2555 879 2602 V
892 2567 919 2618 p.
928 2550 980 2603 658
992 2552 1020 2600 Ρ.
1035 2549 1061 2615 (l
1073 2564 1100 2615 p.
1111 2548 1161 2599 196
1173 2547 1219 2612 K.)
1239 2551 1302 2598 ‘iu-

188 2617 243 2666 bar
263 2632 363 2682 quoque
376 2625 429 2668 tam
445 2621 613 2671 masculiuum
627 2637 704 2684 quam
717 2631 833 2673 neutrum
847 2621 1020 2689 proferebant.
1049 2619 1147 2668 Ennius
1160 2620 1186 2667 in
1201 2619 1302 2668 annali·
1365 2619 1370 2626 “

187 2687 235 2736 bus
249 2689 302 2739 ...’
372 2687 505 2739 LXXXIV
524 2691 638 2741 Isidorus
652 2690 721 2758 Orig.
738 2693 824 2743 XVIII
838 2693 872 2746 36
896 2693 969 2741 ‘ideo
983 2697 1067 2740 autem
1082 2689 1145 2738 rotis
1160 2689 1301 2754 quadrigas

159 2757 164 2766 “
187 2771 287 2806 currere
306 2757 394 2807 dicunt
411 2759 467 2807 siue
485 2761 545 2824 quia
563 2763 736 2812 mundusisto
753 2763 897 2812 circulisui
915 2761 1044 2811 celeritate
1058 2759 1223 2817 transcurrit,
1244 2759 1301 2807 siue

186 2835 290 2894 propter
303 2826 384 2877 solem
398 2829 459 2890 quia
478 2829 586 2880 uolubili
600 2832 697 2883 ambitu
714 2839 794 2892 rotat,
817 2834 884 2882 sicut
902 2832 938 2881 ait
955 2827 1072 2881 Ennius.
1082 2865 1087 2876 .
1097 2829 1118 2876 .’
1152 2827 1301 2878 Semiusta

186 2897 251 2946 Aen.
267 2895 370 2947 V1748
396 2900 513 2948 ‘rotam
528 2901 632 2951 uoluere
651 2917 698 2966 per
718 2917 813 2952 annos:
839 2908 978 2968 exegerunt
995 2906 1116 2948 statutum
1134 2905 1235 2962 ternpus
1255 2913 1301 2963 per

186 2980 308 3016 annorum
324 2966 518 3018 uolubilitatem.
550 2969 596 3020 Est
608 2979 692 3021 autem
704 2987 787 3022 sermo
798 2973 893 3022 Ennii.'
962 2968 1084 3020 LXXXV
1102 2968 1250 3016 Priscianus
1265 2967 1301 3016 IX

185 3050 212 3100 p.
229 3035 278 3086 861
299 3037 328 3086 P.
351 3037 377 3103 (1
395 3053 421 3102 p.
436 3037 488 3089 453
504 3036 550 3104 ll.)
572 3041 691 3107 ‘proprie
707 3049 811 3091 necatus
831 3040 914 3099 ferro,
938 3047 1026 3089 neotus
1043 3051 1105 3086 uero
1123 3037 1176 3086 alla
1194 3038 1221 3086 ui
1241 3051 1300 3102 per-

186 3113 286 3173 emptus
305 3107 406 3156 dicitur.
438 3109 535 3158 Ennius
549 3111 605 3158 ...’
676 3110 810 3161 LXXXVI
829 3112 943 3162 Isidorus
963 3109 994 3159 de
1015 3115 1104 3158 natura
1122 3122 1208 3156 rerum
1228 3121 1252 3155 c.
1268 3106 1299 3156 12

187 3177 287 3240 ‘partes
308 3183 391 3226 autem
411 3178 480 3228 eius’
502 3177 615 3244 (caelum
629 3176 706 3244 dicit)
727 3180 823 3231 ‘chous
842 3181 899 3231 axis
918 3180 1035 3229 cardines
1054 3191 1170 3226 connexa
1189 3176 1243 3241 poli
1265 3176 1299 3224 si-

186 3245 269 3294 dera..
284 3246 368 3296 Ghous
386 3247 454 3310 quod
475 3249 574 3298 caelum
592 3250 711 3300 continet.
742 3251 816 3301 Vnde
836 3251 934 3301 Ennius
950 3250 1007 3298 ...¹
1077 3245 1224 3295 LXXXVII
1245 3247 1298 3294 Au-

46 3318 54 3335 ‘
93 3340 99 3352 =
184 3317 302 3380 gostinus
324 3317 553 3369 11111111111116
588 3318 671 3368 ‘illud
699 3319 775 3370 etism
801 3321 870 3383 quod
895 3325 969 3370 uetus
997 3319 1074 3384 poeta
1099 3316 1166 3365 dlxit
1187 3315 1298 3365 Ennius:

185 3388 287 3436 omnes'
307 3403 330 3436 e.
347 3403 371 3449 q.
387 3402 408 3436 s.
433 3387 561 3453 ‘prolecto
577 3397 601 3439 et
619 3389 691 3438 dese
705 3390 763 3456 ipso
777 3398 802 3439 et
820 3389 852 3439 dc
866 3391 899 3439 iis
914 3403 978 3452 quos
999 3393 1120 3452 expertus
1139 3385 1222 3434 luerat
1236 3399 1298 3434 con-

183 3456 261 3506 iecit!
289 3457 360 3507 Idem
374 3472 415 3523 ep.
431 3456 522 3517 1313
541 3462 603 3525 ‘ego
618 3466 701 3507 autem
717 3460 785 3521 quod
799 3461 835 3508 ait
849 3461 959 3509 Ennius:
977 3456 1078 3507 omnes'
1095 3471 1118 3504 c.
1134 3471 1159 3518 q.
1175 3471 1197 3504 s.
1224 3458 1298 3520 ‘par-

183 3527 228 3575 tim
249 3533 310 3593 puto
335 3527 544 3592 approbandum,
575 3529 668 3594 partlm
691 3528 851 3578 cauendum.’
927 3526 1085 3578 LXXXVIII
1117 3523 1298 3574 Cassiodorius

184 3611 211 3660 p.
224 3595 293 3648 2318
305 3597 332 3646 P.
359 3602 442 3646 ‘curn
458 3599 614 3663 praepositIo
629 3613 675 3663 per
693 3598 856 3648 cscribenda
871 3607 922 3660 cst3
941 3612 1018 3660 quum
1032 3594 1183 3645 aduerbiurn
1197 3603 1298 3659 tempo-

182 3667 227 3727 ris,
244 3667 312 3730 quod
328 3665 455 3732 siguificat
467 3668 579 3730 quaudo,
593 3683 639 3734 per
653 3684 668 3732 q
682 3669 844 3721 scribendum
860 3677 898 3719 est
912 3667 1074 3718 discretionis
1085 3679 1172 3724 causa,
1185 3671 1214 3712 ut
1226 3665 1298 3729 apud

186 3779 383 3789 ———-—·--

223 3846 275 3902 sto
290 3844 390 3914 quibus
404 3843 533 3915 exerugit
546 3845 606 3901 cod.
622 3844 673 3900 sed
686 3861 721 3899 ex
733 3845 818 3901 11111111
829 3845 940 3918 punctis
953 3848 1075 3900 nouum
1166 3841 1217 3898 547
1233 3839 1298 3896 llis-

179 3929 304 3999 perionis
317 3927 406 4001 111911.
492 3936 545 3989 550
559 3930 681 3987 solidum
692 3928 886 4004 EIIberpc’us.
902 3931 992 3985 solum
1003 3927 1130 3984 rodono
1210 3927 1298 3996 pilam

181 4014 230 4068 uix
251 4013 301 4071 Sol
323 4014 444 4070 mediam
465 4018 607 4088 complere
624 4013 750 4087 Sentiper
768 4016 808 4070 od
819 4015 931 4072 Festum
950 4027 975 4068 s.
989 4031 1018 4070 n.
1034 4011 1142 4068 11111111.
1165 4009 1205 4082 es.
1226 4010 1299 4066 Iter-

180 4098 266 4155 111111
276 4097 348 4156 Ado.
365 4099 428 4156 XX
434 4104 469 4159 29
575 4109 626 4161 551
642 4100 785 4156 laudarier
802 4105 899 4172 optant
912 4099 975 4155 11111.
985 4101 1085 4170 prtum
1099 4097 1166 4152 loco.
1185 4094 1298 4151 laudari

180 4189 314 4255 exoptant
336 4185 423 4240 altero
529 4191 580 4244 551
610 4203 674 4243 curn
695 4185 855 4258 legionibus
873 4201 940 4242 cum
960 4183 1049 4240 Rem.
1078 4197 1142 4236 curn
1168 4181 1187 4234 l.
1209 4197 1299 4252 quum

178 4269 259 4342 uuloo
346 4268 526 4340 induperator
539 4272 630 4346 culpo.
647 4271 798 4342 imperator
812 4269 883 4326 Por.
900 4269 987 4325 Bern.
