2752 4944
187 319 230 388 ⁵2
622 321 860 383 nunnurvu

202 505 265 568 345
292 495 382 586 Apta
400 494 486 564 solet
505 493 596 564 canis
621 495 706 563 forle
725 493 828 562 leram
846 491 895 561 sei
912 513 992 562 nare
1010 491 1123 584 sagaci

292 599 420 684 Sensit,
447 619 532 668 uoce
553 591 616 668 sua
632 597 723 666 nictit
741 595 911 689 ululatque
931 595 975 665 ibi
997 599 1103 666 acute.

707 730 783 800 VIII

293 850 495 941 Aspectabat
516 849 671 920 uirtutem
691 847 834 940 legionis
854 847 927 918 suai
956 927 960 936 ¹

292 953 481 1046 Expectans
500 953 529 1022 si
550 955 716 1023 mussaret
739 963 824 1044 quae
844 951 986 1042 denique
1008 969 1114 1040 pausa

291 1057 466 1150 Pugnandi
487 1055 582 1126 fieret
601 1059 658 1126 aut
679 1055 752 1124 duri
769 1055 846 1124 finis
866 1053 999 1123 laboris.

721 1190 767 1262 IX

206 1318 268 1406 350
297 1357 554 1383 .....
604 1305 768 1378 horitatur
786 1306 1001 1398 induperator

294 1544 403 1638 Regni
426 1549 595 1618 uersatum
618 1545 717 1637 pilam
738 1567 943 1618 summamus
965 1521 1151 1615 columnam

619 1681 636 1720 s
860 1679 877 1718 s

739 1737 756 1778 s

194 1885 312 1951 uestigiis
320 1885 410 1934 leuiter
419 1884 553 1950 ganniens,
565 1885 695 1936 utEnnins
703 1887 730 1936 in
739 1885 802 1936 LX:
816 1885 908 1936 ueluti’
919 1901 942 1934 c.
950 1899 1004 1948 q.s.
1019 1885 1096 1934 ‘unde
1104 1883 1164 1949 ipse
1172 1881 1299 1950 gannitio)

194 1956 289 2005 Paulus
301 1970 328 2022 p.
342 1953 392 2004 176
405 1953 440 2003 Μ.
460 1954 570 2003 ‘nictit
588 1956 658 2004 canis
675 1957 702 2004 in
720 1953 857 2006 odorandis
876 1955 988 2006 ferarum
1002 1955 1120 2021 uestigiis
1138 1951 1230 2004 leuiter
1242 1967 1301 2018 gan·

54 2053 62 2068 ·
143 2023 150 2038 ⁸
195 2027 276 2076 niens.
309 2025 417 2074 Ennius:
441 2038 502 2073 nare
569 2023 709 2088 ululatque.
728 2026 796 2076 unde
815 2025 983 2092 etganuitio.’
1012 2025 1160 2074 Thesaurus
1174 2037 1231 2073 nou.
1247 2023 1298 2072 Lat.

194 2087 241 2161 (Α.
251 2095 303 2144 Mai
311 2101 376 2144 auct.
389 2093 464 2142 class.
476 2094 535 2143 VIII
545 2092 610 2158 372)
621 2095 690 2144 ‘hinc
699 2097 775 2146 etiarn
785 2097 870 2145 nicto
881 2111 919 2156 as,
929 2095 963 2144 cii
973 2095 1015 2143 uel
1025 2095 1112 2153 metui,
1124 2093 1194 2156 quod
1203 2093 1300 2159 proprie

195 2167 304 2230 pertinet
317 2164 351 2213 ad
364 2177 454 2222 canes,
470 2164 570 2226 quando
583 2165 722 2214 bestiarum
735 2167 845 2231 uestigia
858 2167 1037 2227 insequuntur;
1058 2164 1124 2214 unde
1140 2171 1165 2213 et
1181 2162 1300 2214 Caecilius

196 2236 228 2285 de
240 2234 351 2298 quodam
364 2247 426 2282 cene
439 2233 503 2282 bene
518 2235 612 2297 inquit:
631 2235 702 2284 nictit
712 2235 851 2298 holetque.'
922 2235 980 2283 VIII
993 2234 1161 2300 Philargyrus
1174 2235 1200 2282 in
1211 2232 1297 2296 Georg.

195 2306 230 2356 IV
244 2303 294 2356 188
311 2307 469 2352 ‘mussant
482 2301 525 2352 hic
537 2313 703 2354 murmurant.
723 2304 794 2364 Quae
806 2320 857 2354 uox
870 2306 974 2369 ponitur
985 2312 1010 2354 et
1021 2305 1047 2352 in
1060 2303 1163 2354 tacendi
1178 2301 1299 2368 significa-

195 2376 278 2434 tione,
302 2381 331 2421 ut
344 2372 414 2437 apud
426 2373 536 2422 Ennium
550 2375 576 2422 in
590 2374 677 2424 XVII:
699 2373 758 2440 [Vl]
774 2374 903 2424 Interdum
922 2382 946 2424 et
966 2381 1012 2439 pro
1033 2373 1151 2422 dubitare
1168 2381 1208 2421 ut:
1227 2371 1298 2436 [Aen.

196 2443 244 2494 Xll
257 2440 319 2506 657]
336 2441 461 2506 [Mussent
475 2450 559 2492 autern
572 2442 740 2508 murmurant]
758 2444 855 2494 Ennius
865 2445 892 2493 in
901 2444 973 2493 Xsic
982 2444 1030 2492 sit:
1047 2443 1205 2508 aspectabat'
1219 2458 1241 2491 e.
1249 2456 1298 2502 qs.

265 2513 302 2564 IX
320 2511 458 2562 Diomedes
475 2513 487 2560 I
505 2527 531 2577 p.
546 2512 597 2565 378
610 2514 639 2562 P.
664 2512 793 2563 ‘hortatur
813 2515 882 2577 quod
898 2514 977 2578 uulgo
995 2513 1119 2573 dicimus,
1141 2521 1239 2562 ueteres
1254 2524 1299 2560 non

197 2582 261 2632 nulli
274 2582 403 2632 horitur
422 2581 540 2631 dirernnt
554 2589 581 2632 ut
593 2584 689 2632 Ennius
702 2584 763 2634 XVI
775 2585 918 2634 annalium:
939 2581 1011 2648 [XV]
1039 2582 1109 2632 Idem
1122 2583 1148 2632 in
1161 2581 1206 2630 Xr
1216 2581 1300 2630 hori-

197 2663 247 2702 tur
261 2652 489 2717 induperator3
512 2654 586 2715 quasi
599 2653 686 2718 specie
703 2655 839 2704 iteratiue!
909 2652 1067 2711 IIDontttus
1085 2653 1112 2702 in
1130 2652 1188 2701 Ter.
1204 2651 1298 2700 Phorm.

197 2723 305 2784 111‚nt
327 2721 458 2772 ‘columen
476 2737 537 2771 uero
555 2721 683 2772 familiae:
708 2722 837 2783 columen,
858 2722 967 2771 culmen.
985 2737 1018 2771 an
1038 2721 1156 2771 columen
1174 2718 1299 2770 columna?

196 2819 231 2833 --
241 2818 278 2833 -ν
289 2791 408 2841 Horatius
422 2798 511 2846 contra
524 2807 571 2857 pro
584 2793 712 2844 columine
725 2793 870 2842 columnam
886 2791 999 2856 [Cerinl
1010 2789 1053 2852 35,
1062 2789 1105 2856 14]
1122 2792 1219 2840 Ennius
1230 2790 1265 2842 x·
1272 2826 1278 2836 ·
1286 2787 1299 2836 ι’

199 2967 273 3022 Ooni.
284 2970 388 3036 11155.
406 2967 490 3021 ueluti
507 2967 530 3021 si
549 2966 661 3038 quando
676 2968 737 3023 cod.
753 2967 839 3022 ueluti
856 2965 971 3038 quando
986 2965 1131 3022 Turnebus
1141 2967 1213 3022 Adu.
1225 2965 1255 3019 X
1262 2968 1299 3024 15.

199 3050 232 3106 0.
247 3049 398 3106 Muellerus
482 3051 583 3108 uincIIs
603 3053 732 3108 uenatiea
754 3053 838 3108 uelox
864 3051 1016 3108 Turnebus.
1038 3052 1159 3106 uinculis
1182 3049 1299 3107 uenatica
1357 3067 1358 3110 l

200 3151 309 3192 ueneno
331 3135 392 3190 eod.
411 3135 504 3190 uinclo
526 3138 654 3192 uenatica
672 3143 743 3192 aeno
765 3137 889 3208 Scaliger
994 3139 1046 3194 345
1062 3142 1128 3208 apta
1144 3138 1215 3192 solet
1229 3133 1300 3188 canis
1357 3129 1358 3154 ³

200 3219 333 3292 Scaliger.
351 3222 535 3291 raptasset,
551 3239 605 3280 om.
619 3222 712 3304 canis,
731 3222 791 3278 cod.
813 3222 867 3294 (cf.
881 3219 920 3276 H.
931 3219 1038 3276 Keilius
1052 3222 1070 3275 l.
1083 3221 1101 3276 l.
1114 3239 1146 3292 p.
1159 3225 1226 3288 6⁶21)
1243 3223 1301 3288 apta
1357 3245 1358 3302 3

183 3307 263 3360 silet
276 3305 354 3360 carris
369 3304 511 3361 Turnebus
594 3308 664 3362 lorte
677 3308 764 3362 leram
777 3308 829 3375 sei]
845 3307 869 3361 si
885 3307 955 3360 sorte
971 3321 1006 3358 ex
1021 3305 1082 3360 cod.
1097 3307 1168 3360 sorte
1184 3307 1266 3360 leram
1280 3301 1300 3354 si
1357 3305 1358 3316 ¹

200 3407 236 3444 ex
253 3388 386 3462 Scaliger,
404 3389 556 3446 Turnebus.
571 3398 635 3463 apta
654 3393 726 3447 solet
742 3393 767 3447 si
784 3393 853 3446 sorte
869 3392 944 3445 seras
959 3405 993 3444 ea
1010 3388 1041 3444 0.
1055 3389 1209 3446 Muellerus

199 3479 252 3534 346
267 3475 345 3529 nictit
358 3474 479 3543 Paulus,
505 3474 676 3532 Thesaurus.
698 3477 774 3532 nictu
791 3477 853 3532 cod.
873 3475 958 3530 Festi.
980 3475 1121 3546 nictatque
1145 3474 1266 3546 Seelmr

243 3561 397 3631 ululatque]
412 3559 543 3630 holetque
562 3561 721 3617 Thesaurus
743 3594 748 3602 ·
806 3557 893 3616 acute'
901 3559 1033 3630 Scaliger,
1057 3559 1209 3614 Turnebus.
1229 3561 1301 3612 acuta

201 3651 229 3698 et
243 3646 304 3700 cod.
319 3645 395 3700 Festi
498 3647 550 3704 347
564 3661 608 3718 sq.
628 3643 744 3717 legioni'
763 3645 825 3702 suai
842 3647 1020 3716 Exspectsns
1036 3643 1176 3716 Berybius
1193 3641 1300 3714 prem·

202 3731 250 3784 litt.
265 3729 334 3786 Hel.
352 3734 422 3789 1842
439 3727 476 3784 II
488 3731 550 3787 230.
571 3732 775 3803 legionislsiue
796 3737 928 3803 spectans
948 3729 1144 3800 Philargyrus.
1169 3728 1301 3799 spectabat

203 3816 331 3868 uirtutem
348 3803 472 3886 legionis
482 3813 655 3885 Suspectans
669 3813 1045 3885 recompensaturum.
1059 3811 1079 3868 I
1084 3813 1109 3869 V
1121 3817 1155 3871 14
1238 3824 1300 3881 quae

204 3898 324 3970 denique
334 3897 581 3970 pausaBerylcius.
597 3899 789 3971 dubitaretque
802 3899 923 3970 demque
936 3897 1223 3969 causanilarqyms.
1236 3909 1300 3967 quae

201 3983 325 4055 denique
350 3999 437 4039 causa
457 3984 486 4038 J.
505 3982 602 4040 Dousa
707 3989 759 4044 349
787 3982 845 4040 lini’
868 3982 1021 4054 Berylrius,
1043 4000 1097 4039 om.
1117 3981 1300 4054 Pnoaryyrsn.

203 4084 293 4140 pausa
303 4067 331 4122 J.
343 4067 439 4124 Dousa
544 4077 597 4130 350
613 4069 749 4125 horitatur
758 4069 797 4126 Η.
809 4067 945 4140 Ilberqius
956 4085 1019 4124 cum
1032 4067 1083 4122 Tb.
1094 4065 1195 4138 Huyio.
1206 4065 1301 4122 horitur

204 4153 267 4208 libri
370 4157 423 4212 351
449 4155 535 4224 pilam
552 4155 591 4209 H.
608 4153 744 4227 llberyius
768 4161 794 4209 et
812 4154 862 4210 Tb.
875 4152 997 4225 Huyrus,
1020 4169 1072 4208 om.
1093 4151 1157 4207 libri
1238 4165 1302 4206 sum·

205 4253 314 4293 mamus
333 4237 579 4295 Lindeubrucbius.
608 4256 745 4295 summam
765 4255 832 4294 uero
854 4238 944 4296 Gand.
966 4237 1044 4294 Leid.
1066 4237 1129 4294 edd.
1150 4243 1205 4292 uel.
1232 4229 1301 4304 regni
