2798 4934
179 397 216 444 vt
610 382 865 442 PRAEFATIO

182 549 344 633 Delrio,
378 547 627 630 Scriuerius,
656 544 845 631 Vossius,
875 567 994 636 nuper,
1027 546 1090 614 hoo
1118 557 1169 614 est
1197 549 1298 616 trium

182 669 253 734 fere
280 669 484 734 saeculorum
514 663 704 749 interuallo,
738 664 915 732 Bothius
944 667 1124 733 studiosam
1152 667 1211 734 sed
1240 689 1298 756 pa

67 849 73 868 ,
183 809 254 853 rum
283 809 304 852 a
330 787 396 854 fide
424 793 456 853 et
483 805 692 851 numerorum
719 783 868 850 doctriua
895 783 1065 850 subtiliore
1092 785 1299 853 commenda

182 905 282 973 bilem
308 926 441 996 operam
466 903 697 994 adhibuerunt.
741 902 887 970 Annales
910 911 1018 970 autem
1038 903 1158 970 edendi
1185 926 1301 970 curam

184 1022 340 1090 Merula
361 1023 520 1114 suscepit,
547 1021 737 1108 ingeniosus
756 1021 918 1088 Batauus:
948 1021 1007 1088 sed
1029 1022 1165 1088 nimium
1191 1022 1301 1089 indul·

184 1165 266 1229 gens
287 1142 421 1230 iugenio
451 1164 513 1210 nee
539 1139 765 1208 emendatione
785 1139 909 1230 profuit
930 1141 1109 1226 insignius,
1136 1163 1199 1208 nee
1226 1140 1301 1206 feli·
1383 1193 1384 1206 ,

184 1262 254 1328 cius
277 1261 553 1348 fragmentorum,
575 1261 868 1350 quampraecipue
891 1257 1026 1346 agebat,
1050 1259 1302 1348 dispositionem

185 1379 336 1446 instituit.
381 1377 448 1462 Qui
475 1401 517 1446 ne
546 1379 715 1468 perspexit
741 1377 888 1468 quidem,
918 1399 1000 1466 quos
1020 1377 1103 1445 fines
1124 1377 1202 1446 huic
1222 1399 1302 1444 eou-

185 1496 334 1566 iecturali
360 1499 488 1566 critioes
514 1499 629 1586 generi
662 1499 734 1586 ipsa
761 1503 891 1564 natura·
907 1519 1017 1564 rerum
1046 1496 1223 1584 praefigat:
1264 1497 1304 1562 in

186 1638 250 1706 quo
268 1639 390 1704 genere
409 1616 594 1684 hariolandi
615 1638 654 1682 ac
669 1625 792 1684 temere
813 1615 970 1704 opinandi
990 1615 1123 1682 uberior
1135 1615 1304 1708 materies,

186 1735 361 1804 seueritate
394 1734 645 1824 argumentandi
672 1744 728 1802 aut
755 1735 1139 1808 rationumneeessitate
1166 1732 1305 1822 probari

185 1875 292 1943 pauca
321 1856 458 1942 possint.
509 1854 604 1921 Vnde
627 1853 788 1922 Merulam
820 1874 887 1919 non
915 1875 989 1920 enm
1017 1852 1120 1920 luisse
1154 1860 1303 1940 apparet,
1385 1915 1386 1946 ,

188 1975 280 2042 ouius
305 1973 481 2060 praecipue
502 1972 652 2058 uestigiis
671 1973 777 2040 editor
797 1971 964 2038 annalium
988 1971 1150 2038 recentior
1172 1968 1304 2036 insiste-
1385 1949 1386 1962 ἒ

187 2100 254 2158 ret:
287 2099 320 2158 et
346 2099 456 2158 tamen
486 2091 556 2158 eius
586 2092 772 2158 auctoritati
801 2113 836 2158 se
864 2089 1008 2173 addixit,
1038 2089 1095 2178 qui
1121 2088 1304 2154 nouissime

187 2209 322 2277 annales
349 2209 516 2297 Lipsiae
545 2208 663 2294 edidit,
695 2209 754 2276 sed
780 2210 827 2276 ita
853 2207 973 2292 edidit,
1005 2207 1075 2274 iere
1097 2215 1134 2272 ut
1153 2205 1304 2274 Mundae

186 2331 306 2398 librum
326 2328 577 2396 exscribendum
597 2329 704 2418 operis
725 2327 900 2396 tradidisse
920 2325 1099 2394 uideretur.
1142 2323 1304 2412 Propriae
1386 2343 1387 2348 ’

188 2447 252 2514 sibi
281 2447 367 2514 dotis
393 2445 456 2511 hoc
482 2454 591 2512 tamen
620 2446 725 2515 editor
752 2447 935 2535 Lipsiensis
961 2443 1076 2528 babet,
1103 2443 1192 2532 quod
1219 2465 1304 2528 eam,

187 2589 270 2658 quae
292 2565 334 2632 ab
357 2561 485 2630 Merula
505 2564 643 2654 prodiit,
672 2567 920 2656 dispositionem
939 2561 1106 2630 annalium
1128 2561 1303 2650 suppleuit,

185 2695 277 2753 tanto
299 2685 334 2750 ni
356 2683 474 2750 mirum
494 2705 664 2768 successu,
693 2685 754 2752 uix
773 2693 810 2752 ut
829 2682 890 2750 ulli
914 2681 1053 2750 frustula
1078 2680 1245 2747 minutiori
1267 2682 1304 2748 in
1387 2653 1388 2668 ἵ

186 2814 314 2872 retexta
341 2803 494 2870 carminis
522 2801 589 2868 tela
616 2803 728 2870 sedem
756 2826 822 2870 uon
852 2802 1061 2870 concederet:
1098 2801 1192 2888 qussi
1220 2799 1302 2884 cius,

186 2925 243 3014 qui
266 2921 428 3012 deperditi
454 2921 622 3009 scriptoris
644 2921 828 3008 fragmenta
848 2920 932 3006 edit,
961 2919 1043 2986 haec
1063 2919 1107 2987 sit
1126 2919 1305 3010 praecipua

186 3042 275 3126 laus,
298 3063 340 3106 ne
361 3037 442 3128 quid
458 3039 619 3106 incertum
642 3039 706 3106 sibi
728 3049 784 3106 aut
806 3038 981 3106 obscurum
1002 3038 1153 3105 latreum.

271 3159 386 3246 Itaque
400 3156 642 3244 patebathaec,
665 3159 700 3224 in
721 3179 786 3246 qua
807 3179 881 3224 oum
904 3157 1013 3224 fructu
1032 3156 1214 3224 litteratum
1235 3177 1305 3224 non

186 3278 278 3344 tenui
306 3275 474 3342 elaborare
503 3274 679 3362 uidereris,
712 3277 898 3364 prouincia:
929 3275 988 3344 sed
1015 3297 1087 3342 eam
1115 3275 1172 3342 diu
1203 3275 1304 3342 desti-

185 3405 289 3463 tutam
320 3394 431 3460 nescio
464 3416 528 3481 quo
563 3404 660 3484 paeto
693 3417 787 3461 nemo
816 3394 973 3462 obtinuit:
1007 3417 1070 3464 nec
1097 3415 1159 3482 ego
1186 3402 1223 3462 ut
1249 3415 1305 3460 ao-

187 3513 358 3598 cesserim,
406 3511 469 3580 hoc
506 3535 579 3580 meo
619 3513 724 3580 libero
761 3513 898 3582 consilio
918 3513 1074 3599 iactum,
1115 3521 1172 3580 aut
1214 3513 1306 3600 quod

187 3654 261 3698 mea
281 3653 334 3698 me
361 3631 470 3698 studia
493 3632 580 3700 ultro
604 3632 639 3698 in
665 3632 753 3700 hunc
775 3633 917 3700 maxime
945 3654 1095 3722 campum
1117 3633 1303 3700 duxissent.

38 3803 43 3816 .
154 3831 159 3838 ,
186 3750 269 3821 cum
297 3751 383 3816 enim
406 3750 599 3817 deuersarer
622 3751 658 3818 in
677 3752 776 3838 longe
809 3749 875 3817 alia
906 3752 1088 3820 litterarum
1116 3759 1305 3818 nostrarum

184 3871 334 3958 regione,
377 3877 531 3936 autumno
561 3859 640 3936 anni
672 3875 884 3948 clmW'fif
914 3870 995 3939 ordo
1035 3869 1305 3959 philosophorum

185 3989 369 4056 Bonnensis
397 3989 438 4056 de
465 3990 575 4056 Ennio
601 3991 697 4057 iussit
724 3995 770 4060 ita
799 3993 919 4061 certari
926 4039 937 4076 ,
969 4001 1006 4058 ut
1034 3990 1233 4078 ‘praemissa
1260 3987 1304 4054 de

184 4116 300 4198 poetes
326 4108 413 4193 uita,
452 4117 523 4174 arte
558 4117 591 4174 et
618 4111 749 4198 scriptis
784 4111 1003 4201 disputatione
1033 4109 1104 4174 eius
1134 4107 1304 4174 annalium

184 4225 369 4312 fragmenta
397 4226 624 4311 emendentur,
660 4230 889 4318 disponantur,
926 4228 1165 4295 inlustrenturss
1208 4225 1303 4294 Adli-

186 4346 291 4412 ciente
318 4345 517 4434 quaestionis
543 4348 666 4431 gratim
693 4370 777 4436 quae
804 4347 885 4414 mihi
913 4345 1103 4432 uidebatur,
1140 4355 1173 4414 et
1195 4345 1303 4412 laudis
