2752 4944
531 355 775 426 uumqvms

628 523 674 593 IX

193 643 343 735 Denique
364 641 398 710 ui
421 662 544 733 magna
563 641 753 734 quadrupes
776 665 880 737 eques
902 649 1000 738 atque
1021 647 1153 718 elefanti

194 745 364 834 Projciunt
384 765 461 814 sese

628 860 660 930 X

192 981 306 1051 Haece
325 981 456 1050 locutus
476 983 575 1051 uocat
598 1001 740 1073 quocum
759 979 843 1050 bene
867 1003 969 1074 saepe
990 981 1128 1058 libenter

81 1093 164 1156 240
192 1085 341 1154 Mensam
360 1105 597 1178 sermonesque
618 1105 700 1152 suos
722 1105 897 1177 rerumque
917 1107 1052 1156 suarum

107 1287 158 1336 IX
184 1285 281 1336 Gellius
294 1285 381 1334 XVIII
393 1287 451 1343 5,4
475 1285 578 1346 ‘quem'
600 1283 651 1349 (sc.
667 1284 843 1334 Ennianistam
857 1285 901 1348 qul
918 1285 994 1336 Ennii
1009 1285 1114 1336 munies
1131 1287 1200 1354 lege-

63 1354 138 1420 bat)
166 1359 239 1405 ‘cum
258 1357 310 1404 iam
329 1355 395 1405 iuter
409 1354 525 1420 ingentes
538 1354 663 1404 clamores
676 1355 802 1420 legentem
817 1355 1003 1408 inuenissemus
1026 1355 1144 1422 (legebat
1155 1372 1200 1406 au-

63 1433 128 1474 tem
147 1425 243 1474 librum
262 1440 294 1474 ex
309 1423 442 1473 annalibus
454 1423 531 1472 liuuii
547 1421 715 1488 septimum),
741 1422 789 1471 hos
810 1425 991 1490 cumprimum
1004 1440 1093 1481 uersus
1108 1442 1200 1492 perpe·
1274 1451 1281 1458 ·

65 1510 135 1544 ram
158 1494 365 1560 pronuntiantem
384 1493 542 1542 audiuimus:
562 1492 672 1555 denique
740 1493 813 1541 ecus·
837 1509 860 1542 e.
876 1509 900 1556 q.
916 1509 938 1544 s.
962 1494 1058 1560 (ecus
1075 1495 1196 1561 Mugilab.

64 1565 260 1628 quadrupe
280 1562 452 1628 secusiieg.
467 1562 658 1625 equesVoss.
678 1575 779 1624 equus
795 1560 886 1626 ceteri)
907 1563 1200 1630 ‘nequemultispostea

63 1634 204 1683 uersibus
218 1632 313 1682 additis
328 1631 513 1682 celebrantibus
531 1645 588 1680 eum
603 1630 817 1692 laudantibusque
835 1632 952 1682 omnibus
965 1633 1092 1682 discessit.
1111 1634 1198 1685 5Tum

66 1704 199 1752 Iulianus
214 1701 349 1768 egrediens
361 1717 375 1750 e
388 1700 499 1750 theatro:
525 1700 588 1764 quid
601 1700 676 1749 uobis
695 1699 776 1762 inquit
789 1700 821 1749 de
833 1699 883 1750 hoc
900 1709 1041 1768 anagnosta
1055 1709 1079 1752 et
1091 1702 1123 1753 de
1136 1717 1198 1766 qua-

66 1773 201 1838 drupede
219 1785 283 1832 equo
301 1771 419 1822 uidetur?
443 1771 481 1819 sic
499 1770 567 1820 enirn
585 1769 700 1833 proiecto
719 1769 792 1834 legit:
817 1769 927 1833 denique
994 1773 1066 1822 ecus·
1093 1789 1115 1822 e.
1132 1787 1157 1835 q.
1173 1788 1195 1822 s.

64 1842 204 1906 (equus
230 1841 306 1889 Voss.
333 1839 505 1903 quadrupe
529 1853 625 1888 secus
645 1838 709 1904 Reg.
738 1853 772 1886 m.
796 1853 836 1903 pr.
866 1840 1062 1906 quadrupes
1091 1856 1196 1904 equus

67 1911 143 1976 Reg.
160 1926 196 1960 m.
213 1909 257 1958 alt.
274 1905 364 1972 ceterI)
390 1908 498 1971 ‘ecquid
512 1908 619 1973 putatis,
640 1907 663 1956 si
677 1907 827 1972 magistrum
841 1908 1074 1972 praelectoremque
1091 1910 1197 1960 habuis-

66 1987 113 2029 set
138 1980 252 2029 alicuius
271 1979 355 2038 aeris,
384 1977 574 2042 quadrupes
592 1991 695 2040 equus
719 1976 844 2026 dicturum
864 1977 959 2039 misse,
988 1983 1195 2044 acuouqua-

68 2050 204 2114 drupes
227 2048 345 2111 eques't
368 2047 437 2108 quod
449 2046 481 2097 ab
495 2047 577 2096 Ennio
594 2047 629 2096 ita
641 2046 764 2112 scriptum
778 2046 943 2110 relictumque
963 2062 1019 2098 esse
1037 2063 1110 2098 nemo
1130 2064 1195 2099 uuus

67 2119 224 2168 litterarum
238 2125 354 2168 ueterum
368 2115 479 2182 diligens
492 2115 629 2165 dubitauit.
650 2141 686 2152 -
702 2140 738 2150 -
756 2113 887 2164 Sedenim
902 2125 1033 2168 contentus
1051 2111 1133 2179 inquit
1146 2133 1194 2183 ego

67 2187 116 2237 bis
132 2202 186 2237 nou
202 2186 254 2236 lui:
282 2194 306 2235 et
320 2192 347 2234 ut
362 2199 411 2234 uon
425 2185 542 2235 turbidae
554 2185 614 2234 lidei
628 2199 675 2232 nec
688 2183 838 2249 ambiguae,
864 2185 910 2235 sed
921 2193 949 2235 ut
962 2201 1043 2251 purae
1061 2185 1195 2248 liquentis-

69 2273 126 2318 que
147 2263 233 2315 esset,
254 2269 396 2317 equusue
413 2268 445 2302 an
465 2269 564 2316 eques
578 2253 675 2302 Ennius
693 2253 817 2317 scriptum
833 2253 992 2317 reliquisset,
1018 2255 1110 2304 librum
1125 2271 1194 2306 sum-

68 2342 133 2376 mae
158 2333 236 2388 atque
257 2324 412 2374 reuereudae
431 2318 579 2382 uetustatis,
605 2337 680 2384 quem
701 2321 754 2370 lere
773 2323 904 2372 constabat
918 2324 1101 2392 Lampadionis
1117 2341 1194 2376 manu

67 2395 259 2453 emendatum,
279 2394 364 2443 studio
376 2393 508 2457 pretioque
522 2392 600 2441 multo
614 2393 690 2440 unius
703 2405 793 2440 uersus
805 2392 959 2456 inspiciendi
971 2395 1054 2460 gratia
1067 2395 1191 2444 conduxi:

68 2473 95 2512 et
110 2479 234 2526 eques,
251 2477 300 2512 non
315 2477 435 2526 equus,
449 2463 572 2526 scriptum
582 2462 608 2510 in
619 2475 648 2510 eo
658 2461 763 2509 iuueni’
780 2460 908 2528 Nouiusp.
919 2463 977 2523 106,
985 2463 1016 2515 31
1032 2465 1193 2526 ‘equitem

66 2549 120 2598 pro
142 2547 221 2596 equo.
240 2533 319 2596 Verg.
342 2531 523 2596 Georgicorum
547 2531 591 2580 lib.
611 2530 661 2579 111:
684 2527 755 2593 [115]
783 2529 880 2580 Ennius
903 2532 988 2581 annali
1006 2532 1129 2586 lib.VlI:
1155 2549 1192 2583 an

65 2618 137 2652 non
154 2600 561 2666 quadrupedesequites.'
588 2598 986 2664 (acuonRothiuseGelliil.
1001 2601 1018 2648 l.
1034 2601 1192 2654 undeetiam

67 2672 271 2736 quadrupes
291 2685 389 2733 eques
409 2668 485 2718 Nonii
501 2669 677 2734 neglegentiae
694 2668 877 2717 restituendum
894 2667 956 2734 tuit)
979 2669 1122 2720 Macrobius
1136 2669 1189 2722 Sat.

66 2743 105 2790 Vl
122 2740 184 2806 9p.
200 2737 251 2790 548
264 2739 322 2789 dan.
351 2741 453 2788 ‘omnes
465 2739 532 2788 enirn
546 2738 643 2800 antiqui
663 2738 801 2802 scriptores
811 2745 839 2786 ut
852 2737 982 2788 hominem
1002 2753 1067 2801 equo
1078 2739 1192 2789 insiden-
1269 2796 1271 2802 ¹

66 2817 142 2869 tem,
161 2811 200 2859 ita
212 2817 237 2858 et
251 2823 344 2871 equum
357 2823 414 2857 curn
428 2814 541 2872 portaret
554 2807 684 2856 hominem
698 2807 841 2868 equitem
857 2815 1013 2858 uocauerunt
1033 2816 1058 2858 et
1076 2809 1191 2871 equitare

69 2894 125 2929 non
149 2879 280 2928 hominem
296 2884 392 2926 tantum
405 2877 451 2926 sed
470 2892 563 2939 equum
577 2891 677 2938 quoque
696 2876 825 2940 dixerunt.
858 2877 955 2928 Ennius
976 2877 1040 2928 libro
1060 2878 1190 2930 annalium

67 2949 188 3014 septimo
202 2948 251 2996 ait:
271 2947 393 3009 denique'
414 2962 436 2996 e.
451 2962 474 3008 q.
491 2961 513 2995 s.
536 2945 702 3012 Philargyrus
715 2944 845 3010 iuGeorg.
861 2947 960 3000 111116
978 2947 1035 2996 ‘bio
1048 2950 1190 3010 equitem

66 3020 129 3068 sine
144 3017 224 3066 dubio
241 3030 333 3078 equum
351 3015 426 3076 dicit,
450 3016 562 3064 maxime
575 3029 632 3064 cum
651 3013 743 3064 inierat
760 3014 882 3064 insultare
896 3016 960 3066 solo.
994 3017 1091 3067 Ennius
1111 3032 1189 3067 auna-

65 3087 138 3136 lium
150 3086 201 3134 VII
218 3086 277 3134 ...'
348 3083 580 3134 XGelliusX114
610 3084 781 3148 ‘descriptum
804 3083 986 3149 definitumque
1005 3093 1043 3136 est
1061 3101 1077 3135 a
1096 3085 1188 3145 Quinto

65 3156 156 3205 Ennio
176 3156 204 3203 iu
223 3153 309 3203 annali
324 3154 433 3220 septimo
450 3153 573 3218 graphice
598 3153 736 3202 admodum
751 3153 864 3215 sciteque
883 3156 940 3204 sub
962 3155 1189 3213 historialia-

65 3226 154 3275 mini
177 3222 324 3273 Seruilii
349 3224 398 3272 uiri
418 3222 512 3272 nobilis
538 3237 588 3284 quo
609 3223 712 3287 ingenio
736 3237 786 3284 qua
809 3225 942 3274 comitate’
966 3241 988 3274 e.
1012 3240 1078 3287 qs.
1107 3217 1188 3275 ‘arni-

66 3309 130 3343 cum
143 3308 203 3343 esse
212 3293 346 3342 conueniat
356 3292 467 3342 hominis
476 3306 569 3358 genere
582 3297 606 3342 et
615 3291 716 3340 fortuna
725 3293 866 3356 superioris
877 3320 954 3332 —--
965 3294 1079 3344 haece'
1093 3311 1116 3344 e.
1129 3311 1153 3357 q.
1163 3311 1185 3347 s.

67 3364 116 3414 ‘L.
137 3361 242 3412 Aelium
257 3360 380 3412 Stilonem
401 3362 486 3411 dicere
505 3361 608 3410 solitum
621 3361 721 3420 lerunt,
748 3359 777 3418 Q.
792 3361 901 3412 Ennium
914 3364 947 3413 de
958 3371 1038 3414 semet
1052 3364 1109 3430 ipso
1123 3363 1187 3415 haec

67 3433 213 3497 scripsisse
230 3432 407 3498 picturamque
426 3431 500 3480 istam
513 3445 612 3480 morum
632 3438 656 3480 et
668 3431 765 3496 ingenii
780 3430 862 3495 ipsius
874 3431 903 3492 Q.
913 3433 989 3484 Ennii
1003 3433 1097 3482 lectam
1110 3435 1185 3484 essc.'

67 3503 115 3570 (L.
134 3500 263 3550 Aelium
336 3515 407 3550 esse
425 3515 475 3550 om.
489 3497 583 3563 Voss.)
608 3497 646 3548 ct.
661 3500 672 3548 I
685 3499 717 3548 i'r.
733 3499 810 3549 XXX

66 3669 127 3730 III
143 3673 205 3730 159.
228 3673 292 3728 exin
309 3673 416 3730 Paulus
518 3675 571 3733 237
593 3678 657 3730 ante
680 3672 801 3743 deniqne
824 3673 833 3727 i
852 3687 964 3729 erasnm
978 3675 1007 3727 in
1022 3671 1091 3745 ch.
1108 3673 1187 3730 Gellii

66 3761 125 3824 §4
213 3752 253 3829 ui]
286 3757 370 3814 litura
403 3759 433 3814 in
454 3757 522 3832 Req.
548 3758 627 3814 Gellii
652 3762 668 3824 s
691 3763 717 3816 4·
746 3757 774 3811 in
795 3756 900 3829 Anpte'c.
928 3755 1079 3821 Macrobii,
1111 3757 1181 3831 Περ.

67 3841 152 3899 Gellii
164 3843 182 3905 S
195 3845 212 3897 5
297 3845 392 3914 ¹¹¹agna
413 3841 489 3901 Voss.
505 3843 582 3900 Getta
594 3847 609 3908 5
621 3848 647 3900 5.
664 3843 692 3898 ui
708 3855 812 3913 magna
825 3856 863 3897 cnr
877 3857 953 3897 corr.
968 3841 1093 3914 indupd.
1107 3842 1186 3898 Gellii

67 3930 116 3991 §4
131 3925 485 3996 (ietmm.alt.inlituru)
571 3926 667 3998 atque]
683 3932 731 3982 aut
744 3925 832 3998 Luqd.
848 3925 928 3981 Gellii
940 3930 984 3991 §5
1070 3926 1182 3981 elefanti

73 4009 156 4065 Voss.
171 4007 250 4064 Getttt
258 4014 307 4075 §4-
324 4010 466 4084 elephanti
477 4013 562 4068 ceteri
655 4015 707 4069 238
720 4010 861 4081 proiciunt
871 4009 935 4064 libri
1025 4013 1078 4068 239
1091 4009 1180 4067 haece

68 4097 183 4149 loeutus
207 4091 373 4165 Stephanus.
405 4096 477 4151 haec
501 4096 567 4164 (hee
592 4093 661 4167 Req.
684 4094 737 4149 hee
761 4093 848 4166 bupd
880 4089 926 4148 h⁷-
953 4093 1056 4160 Bern.)
1087 4096 1181 4150 elocu-

68 4185 114 4233 tus
130 4177 294 4247 (eloquutus
305 4177 438 4252 Mcplr'ab.
457 4179 693 4264 qilocutusBern.l
709 4178 773 4234 libri
856 4193 977 4248 quocum
991 4177 1100 4234 Tinna.
1115 4183 1181 4236 teste

68 4262 220 4320 dronmdo.
238 4263 314 4336 quod
330 4281 395 4322 eum
408 4263 478 4339 ch.
502 4263 642 4338 quodcum
656 4264 743 4320 ceteri
843 4266 896 4324 240
917 4278 1079 4339 mensupam
1100 4263 1178 4326 Voss,
