2784 4940
407 437 412 444 ‚
540 368 770 428 ENNtANAu
1081 345 1179 422 xxxv

65 542 135 600 dam
159 535 241 597 Fabii
265 535 389 596 Pictoris
409 554 493 614 quam
516 535 676 608 Dionysias
700 532 793 594 llalic.
816 530 916 610 Autiq.
941 529 1023 590 Rom.
1045 528 1119 590 179
1148 547 1177 608 p.

63 644 129 704 203
153 643 255 702 lleislr.
284 642 377 702 reiert
400 643 592 702 narrationem
618 656 813 717 componere:
844 628 988 717 ἔγγοτὲροι
1021 634 1178 712 προσίεσαν

67 740 184 828 ἀθρόοι
205 741 400 824 δεδιττόμενοι
418 747 474 828 βοῇ
489 737 520 806 εδ
542 745 661 826 θηρίον.
689 738 710 822 ἡ
732 733 952 804 detineamini
972 735 1051 820 pita
1061 733 1176 820 οἷγριοδ-

64 871 163 915 νουσα
182 857 240 914 τῶν
256 843 430 932 ἀνθρώπων
446 855 483 934 τῇ
504 845 652 936 προσόδῳ,
673 841 734 912 ἄλλ’
758 842 854 929 ὥσπερ
871 841 910 908 δν
921 842 1087 928 χειροήθης,
1102 837 1176 908 ἆσσο-

63 963 162 1020 orrico
185 962 244 1018 τῶν
251 960 372 1038 βρεφῶν
385 949 488 1038 ἠρέμα,
504 955 555 1018 καὶ
572 949 648 1018 κατὰ
664 948 777 1034 πολλὴν
788 946 912 1034 riteytav
933 959 985 1016 τοῦ
1003 955 1178 1033 ποιμενικοῦ

62 1059 173 1144 ὁμίλου
194 1056 292 1148 ἀπῄει.
313 1063 366 1124 καὶ
380 1050 420 1142 ἦν
434 1061 492 1144 γάρ
513 1087 556 1136 τις
578 1056 613 1124 od
635 1055 711 1124 πολὺ
725 1053 842 1141 ἆπὲχσιν
862 1055 939 1140 ispdt
954 1065 1047 1142 250⁰?
1062 1080 1089 1120 e.
1106 1080 1135 1139 q.
1151 1079 1175 1120 s.

64 1173 154 1232 Pueri
189 1190 205 1230 a
233 1169 372 1231 Faustulo
399 1171 512 1248 recepti
544 1169 702 1230 educantur
732 1172 807 1228 inter
840 1177 990 1247 pastores:
1019 1168 1176 1229 certamina

63 1279 235 1338 instituunt:
266 1275 323 1336 lroo
355 1276 430 1336 enim
459 1275 600 1337 indicatur
627 1275 662 1334 ir.
690 1274 753 1336 utv
785 1275 862 1337 conl.
895 1274 998 1336 Ouidio
1034 1275 1112 1336 Fosi.
1150 1274 1177 1336 ll

63 1386 130 1446 365
160 1389 295 1444 Romulus
329 1393 355 1442 ct
381 1385 476 1458 frater
506 1387 715 1459 pastoralisque
740 1389 865 1442 iuuentus
894 1384 1000 1442 Sotium
1026 1391 1053 1441 et
1080 1400 1179 1456 compo

62 1512 191 1568 corporo
213 1493 289 1548 nuda
311 1491 422 1547 dodam.
468 1491 609 1547 Coestilno
632 1497 658 1546 ct
684 1493 783 1550 meniis
811 1498 837 1548 et
864 1495 946 1548 misso
968 1491 1095 1564 pondere
1112 1492 1180 1548 saxi

65 1601 214 1658 Bracchia
237 1613 293 1670 per
323 1599 400 1652 lusos
427 1597 598 1670 experienda
628 1597 741 1654 dobant.
792 1594 890 1672 Atque
923 1594 998 1654 haec
1029 1602 1177 1672 postrema

63 1701 265 1762 consideranti
288 1715 346 1760 noo
368 1699 466 1776 inepte
488 1698 591 1758 uideor
617 1699 755 1760 conicere
780 1700 837 1760 lruc
861 1702 1009 1780 pertinere
1040 1719 1056 1760 a
1082 1699 1177 1760 Nonio

64 1829 95 1889 p.
122 1807 196 1883 211,
220 1806 386 1866 8sematos
409 1803 572 1866 uersiculos
585 1817 658 1866 tanto
679 1811 802 1868 mutatae
820 1818 883 1868 runt
900 1813 1033 1884 Aupmine
1053 1815 1118 1868 tono
1136 1811 1177 1864 to·

59 1920 148 1992 pides
172 1914 244 1992 (inc.
269 1911 332 1974 sed.
358 1908 531 1989 xxxviii).

157 2020 297 2081 Latrones
333 2017 441 2096 praeda
477 2025 598 2078 onustos
626 2016 833 2094 adgrediuntur
863 2018 962 2098 (LV):
1002 2035 1086 2096 quarn
1117 2035 1177 2077 rem

64 2125 179 2202 tangit,
211 2124 262 2184 sed
289 2126 328 2185 ita
356 2133 387 2183 ut
417 2124 568 2203 discrepet
588 2142 645 2184 uon
668 2124 737 2186 uilril
766 2125 802 2186 ab
831 2126 941 2201 Ennio,
971 2123 1090 2184 Ouidius
1113 2121 1131 2181 l.
1156 2121 1175 2182 l.

59 2241 167 2307 pastor
183 2235 219 2290 ob
240 2237 350 2292 excelso
361 2223 426 2308 ‘per
452 2235 532 2292 διοιο
559 2254 630 2292 mro
659 2240 789 2292 iuuencos
813 2235 937 2304 Romule,
957 2233 1127 2306 praedones,
1154 2237 1181 2286 ct

65 2342 186 2397 Remet’
208 2342 279 2398 dr‘oeit
304 2342 423 2414 ‘cpont’
474 2341 596 2415 Loopom
615 2347 679 2398 crat
703 2344 820 2398 annoni.
842 2343 960 2398 diuersis
981 2341 1039 2396 exit
1065 2343 1179 2411 curque

63 2447 211 2504 Partibus.
245 2463 364 2504 occursu
380 2448 493 2520 proedo
508 2455 620 2521 recepto
642 2447 731 2504 Remi.
756 2440 801 2502 ct.
824 2442 947 2504 liuiusl
968 2443 998 2502 4.

156 2546 276 2626 Capitur
300 2549 407 2610 Remus
430 2568 465 2610 ac
486 2549 638 2610 deducitur
662 2550 697 2610 ad
723 2549 888 2614 Amulium„
920 2548 1076 2611 Numitoris
1104 2552 1179 2610 enirn

64 2655 148 2715 nulla
173 2664 242 2734 puto
265 2657 340 2735 apud
362 2635 483 2718 Ennium
508 2657 615 2716 mentio
639 2655 700 2716 init.
746 2655 853 2714 Verbis
873 2673 947 2734 quae
975 2654 1011 2714 ir.
1026 2654 1088 2716 uvt
1114 2656 1177 2716 eiii·

65 2766 148 2824 oiunt
168 2762 307 2822 Romulus
329 2763 365 2822 de
382 2763 496 2839 origine
518 2779 571 2821 suu
594 2759 629 2820 ab
655 2759 793 2820 Faustulo
816 2761 939 2822 edoctus
967 2759 1110 2822 Amulium
1136 2763 1178 2822 ui·

64 2871 155 2930 detor
178 2868 340 2948 adpellare,
363 2867 441 2946 quod
465 2885 565 2946 parum
584 2866 747 2927 clementer
769 2866 889 2926 Remum
919 2883 1005 2945 quem
1035 2867 1172 2943 ignorare

66 2983 237 3035 tractasset.
643 3049 645 3055 y
864 3025 872 3039 ,

156 3079 201 3138 Εο
226 3080 293 3140 loco
317 3098 375 3159 quo
399 3080 526 3158 expositi
550 3087 579 3140 et
602 3079 717 3138 educati
739 3088 820 3138 erant
839 3078 939 3140 urbem
961 3089 1099 3142 extruere
1121 3081 1177 3142 ira·

66 3195 131 3243 tres
152 3185 336 3246 constituunt.
383 3187 516 3263 Augusto
540 3185 661 3261 augurio
682 3183 754 3260 (inc.
786 3185 848 3244 sed.
870 3182 947 3246 XLII
974 3187 1011 3248 ci.
1036 3186 1177 3265 Sclrweg·

65 3291 150 3349 lerus
176 3287 248 3350 llist.
274 3292 356 3354 Rom.
382 3291 395 3352 1
419 3292 501 3369 tto)
533 3289 645 3348 lrrmaot
671 3291 830 3366 inceptum:
867 3292 964 3371 itaque
991 3311 1072 3354 soom
1101 3304 1178 3354 oter·

66 3415 128 3474 que
152 3405 295 3474 quemad
318 3399 466 3477 augurium
490 3394 661 3474 capiendum
683 3395 835 3471 elegerant
860 3406 985 3482 montem
1007 3401 1177 3476 ascendunt,

66 3503 124 3562 sub
146 3512 261 3564 noctem
283 3515 313 3566 nt
332 3503 513 3566 consuetudo
539 3500 663 3562 ferebat.
710 3497 755 3560 Gi.
789 3500 964 3572 Niebuhrios
991 3504 1063 3564 llist.
1094 3505 1177 3566 Rom.

66 3607 79 3667 l
112 3606 174 3668 248
204 3619 233 3669 et
260 3607 470 3686 Schweglerus
505 3608 524 3667 l.
557 3607 575 3666 l.
610 3625 638 3685 p.
663 3605 734 3668 388.
779 3607 838 3668 Sed
872 3607 1075 3685 nicosinum,
1114 3629 1178 3671 cum

68 3723 162 3774 totum
186 3712 260 3775 diem
290 3725 320 3774 et
349 3725 464 3776 noctem
493 3733 546 3776 eos
567 3723 744 3792 expectasse
768 3717 917 3791 augurium
939 3715 1092 3792 crederet,
1123 3718 1180 3778 ‘sol

68 3819 165 3880 albus'
194 3839 279 3899 quem
306 3821 415 3882 Ennius
440 3841 466 3882 u.
499 3819 539 3880 92
571 3820 639 3881 dicit
670 3819 785 3880 ieiellit.
818 3820 924 3882 Lunam
959 3823 1034 3882 enim
1062 3823 1100 3882 ita
1131 3822 1180 3882 ad·

68 3924 187 4005 pellani,
210 3943 286 3985 noue
309 3929 435 4008 quidem,
458 3927 569 3989 Merula
584 3927 672 3988 uidit:
695 3927 740 3986 cui
764 3928 925 4020 serpentine
949 3929 1085 3988 conuenit
1115 3929 1179 4006 ipse

68 4049 207 4090 uersuum
229 4051 321 4092 ncxns
344 4052 379 4094 ac
401 4035 572 4095 narrationis
595 4049 781 4111 progressos.
829 4034 968 4094 Romulus
995 4034 1031 4094 de
1060 4036 1181 4112 augurio

69 4138 245 4197 Auentinum
268 4140 424 4217 occupauit
446 4140 490 4216 (u.
514 4139 586 4218 84);
611 4141 734 4198 seorsim
761 4157 778 4198 a
800 4141 916 4218 uulgata
933 4142 1083 4215 memoria,
1106 4159 1181 4219 quae

71 4239 247 4304 Auentinum
270 4243 374 4320 Remo,
395 4244 520 4305 Romulo
547 4245 672 4304 uindicat
694 4245 868 4308 Palatinum:
900 4246 939 4306 cl.
974 4246 1181 4323 Schweglerus

932 4344 972 4404 c*
