2798 4934
208 375 280 422 Lxx
606 359 916 430 QVAESTIONES

209 528 401 590 Peirescianis
422 526 449 586 ll
476 545 504 604 p.
526 522 586 584 578
608 523 708 584 Wess.
729 533 759 584 et
781 524 907 584 fortasse
926 523 1087 601 Appianum
1110 523 1145 582 lr.
1167 521 1206 582 lv
1223 520 1332 581 Illace·

212 631 390 692 donicorum.
422 629 524 690 Eidem
547 639 642 688 autem
666 631 822 690 narrationi
845 649 908 690 curn
928 649 1014 708 supra
1032 630 1066 688 lr.
1082 628 1122 689 Vl
1137 628 1332 700 intexuerim,

212 747 270 814 tum
292 737 367 797 addo
389 755 463 796 nunc
486 737 521 795 lr.
546 734 608 794 Vll.
655 734 725 796 Cum
748 755 820 796 cane
843 737 918 796 enirn
939 755 1024 814 quern
1047 741 1136 814 poeta
1158 733 1248 806 dicit,
1284 732 1334 808 qui

212 842 260 902 ubi
282 851 383 902 catena
406 841 557 902 deuinctus
582 841 673 900 leram
694 843 815 918 sentiat,
838 841 950 902 ululare
975 851 1059 900 acute
1082 839 1197 913 soleat,
1220 838 1335 895 nescio

211 965 248 1006 an
276 964 333 1006 non
361 946 542 1006 incommode
576 946 671 1006 relicti
700 949 727 1007 in
759 948 897 1024 angustiis
922 965 985 1006 cum
1014 944 1172 1004 Flaminino
1201 943 1336 1002 Romani

212 1052 429 1129 significentur:
453 1053 585 1130 quicum
606 1053 641 1114 ad
663 1054 787 1114 hostiurn
809 1061 905 1113 castra
927 1051 1080 1127 accedant,
1103 1051 1199 1110 subito
1216 1051 1336 1110 clarno-

213 1177 274 1218 rem
298 1159 412 1219 tollunt.

298 1264 391 1324 Desiit
421 1265 467 1330 liic
498 1264 572 1324 liber
599 1267 626 1324 in
653 1284 748 1343 pugna
775 1263 810 1322 ad
838 1260 1078 1341 Cynoscephalas
1107 1279 1133 1320 a.
1158 1281 1185 1318 u.
1212 1279 1238 1319 c.
1266 1259 1334 1317 555

214 1372 377 1432 commissa.
414 1371 489 1431 Ante
511 1367 569 1430 hoc
585 1371 659 1430 eninr
675 1367 817 1448 proelium
834 1367 995 1444 Quinctius,
1019 1369 1083 1428 dum
1101 1369 1203 1446 copias
1223 1384 1335 1425 omnes

214 1475 243 1532 in
258 1475 350 1532 aciem
363 1476 470 1551 educit,
487 1477 594 1536 acriter
607 1475 713 1535 milites
730 1473 898 1534 cohortatur
913 1492 997 1534 suos:
1016 1475 1092 1534 conl.
1106 1473 1187 1533 Liuio
1200 1470 1335 1532 XXXIII

215 1576 249 1640 8:
273 1599 334 1638 cnm
353 1586 438 1640 mdem
457 1585 654 1642 Macedonibus
670 1591 845 1656 pupnotnros
865 1600 933 1656 quos
951 1585 990 1638 ad
1009 1585 1092 1655 Epiri
1108 1585 1211 1657 fauces
1230 1585 1334 1639 monti-

215 1689 264 1745 bus
283 1691 493 1764 (luminibusque
510 1698 620 1764 saeptos
641 1693 714 1746 aicta
735 1691 859 1744 naturali
875 1689 1037 1761 difficultate
1057 1692 1179 1748 locorum
1201 1692 1333 1764 crepulis-

214 1803 275 1850 sent
303 1798 415 1867 acieque
439 1791 661 1868 enpiipnassent:
689 1812 751 1851 cum
777 1798 815 1850 eis
841 1811 908 1866 qnos
933 1797 968 1850 P.
998 1795 1115 1869 Sulpicii
1134 1800 1220 1868 prius
1244 1799 1334 1852 ductu

216 1899 367 1956 obsidentes
389 1904 418 1956 in
439 1903 597 1958 Eordaeam
617 1903 719 1958 aditam
741 1905 882 1957 uicissent.-
903 1901 983 1973 suma
1005 1903 1120 1966 stetisse,
1145 1919 1201 1957 noia
1221 1904 1333 1958 uiribus

215 2003 396 2060 Macedoniae
414 2023 543 2078 repnum:
563 2024 623 2063 eum
644 2024 750 2080 quoqne
770 2007 878 2078 famam
895 2007 1003 2061 tandem
1017 2010 1172 2063 enanaisse.
1216 2004 1250 2063 ln
1272 2023 1332 2081 qua

216 2103 418 2166 cohortatione
436 2107 519 2166 uides
543 2110 707 2186 quomodo
729 2109 825 2168 locum
841 2108 949 2168 habere
971 2110 1118 2188 potuerint
1140 2107 1225 2168 Ennii
1248 2112 1330 2186 [rag-

215 2219 310 2270 menta
328 2211 405 2271 Vlll.
428 2213 477 2272 lX.
496 2212 532 2272 X.

301 2316 421 2378 Relicua
448 2321 574 2379 incerta:
604 2321 656 2380 sed
678 2321 837 2394 undecimi,
860 2335 923 2377 curn
946 2316 983 2376 de
1006 2317 1077 2376 sede
1099 2319 1167 2378 nihil
1190 2324 1333 2394 eruerim,

216 2422 446 2482 emendationem
469 2425 582 2502 quidem
606 2445 689 2504 quam
710 2426 851 2504 proposui
872 2440 930 2481 non
950 2441 1042 2482 meam
1065 2426 1118 2485 sed
1140 2425 1239 2484 lacobi
1258 2426 1330 2484 Ber·

217 2529 327 2602 naysii,
348 2531 373 2588 si
393 2541 516 2608 potero,
540 2533 698 2610 perficiam.
744 2530 799 2603 Qui
822 2549 885 2590 curn
905 2539 1004 2590 cetera
1026 2533 1178 2590 uerissime
1200 2540 1232 2590 ut
1257 2541 1329 2609 puto

216 2633 403 2710 restituisset,
426 2655 481 2696 una
497 2650 580 2713 puter
600 2655 657 2696 uox
677 2636 821 2715 probabili
844 2638 1029 2696 coniecturae
1053 2636 1222 2696 obstinatius
1247 2637 1329 2696 uide·

216 2737 299 2798 batur
323 2741 481 2816 refragari:
507 2744 643 2821 quodque
666 2746 730 2820 ipsc
757 2760 814 2800 non
840 2744 1049 2801 inconueniens
1073 2743 1186 2820 quidem
1209 2753 1329 2802 senten-

216 2845 273 2903 tiae
296 2852 399 2904 acriter
420 2850 522 2924 posui,
545 2849 630 2908 ualde
653 2858 774 2926 propter
795 2848 960 2906 mutationis
982 2848 1246 2926 inprobabilitatern
1272 2851 1328 2909 dis·

216 2949 359 3026 plicebat:
382 2937 439 3028 quo
465 2954 580 3031 quidem
603 2955 682 3013 nolui
704 2955 780 3013 aliud
803 2953 968 3030 significare
991 2972 1074 3031 quam
1097 2954 1189 3012 latere
1213 2953 1269 3011 sub
1294 2973 1328 3012 ea

216 3072 292 3114 uoce
308 3057 385 3134 quod
398 3058 433 3116 ad
444 3057 564 3116 Ennium
579 3061 738 3136 pertineret
753 3059 907 3136 aliquando
921 3060 1088 3118 eruendum.
1112 3057 1194 3117 Nunc
1205 3057 1329 3118 Enniani

215 3161 254 3219 ibi
277 3161 346 3220 nihil
368 3163 490 3222 subesse
511 3162 578 3222 milri
593 3163 743 3240 persuasi,
767 3179 862 3239 neque
878 3181 949 3222 rrero
967 3164 1002 3224 ad
1017 3163 1103 3223 Nonii
1120 3163 1164 3242 (p.
1181 3163 1253 3239 370,
1270 3163 1327 3245 22)

215 3265 307 3324 uerba
331 3266 396 3326 inde
419 3269 572 3346 quicquam
595 3267 772 3342 redundare,
806 3268 890 3327 immo
914 3271 1075 3329 eiciendum
1101 3288 1169 3330 esse
1198 3272 1328 3348 iuportu-

217 3389 282 3428 nurn
312 3371 485 3431 uocabulum
519 3372 701 3433 librariorum
732 3382 789 3432 tarn
826 3391 928 3434 errore
968 3393 1050 3452 quarn
1081 3379 1190 3435 incuria
1223 3387 1327 3437 ortum.

217 3474 328 3554 Nempe
352 3477 419 3537 olim
441 3481 469 3538 in
493 3478 578 3538 Nonii
608 3482 708 3540 nescio
735 3497 792 3558 quo
818 3481 922 3540 codice
949 3483 1056 3540 nostris
1079 3483 1232 3560 superiore
1252 3481 1329 3542 haec

215 3579 275 3640 loci
306 3585 423 3660 species
459 3586 663 3664 comparebat:
700 3591 808 3645 Ennius
839 3591 980 3646 annalium
1001 3592 1045 3646 tib.
1073 3592 1106 3646 X
1132 3608 1216 3665 aeprc
1244 3595 1330 3649 eorde

216 3693 299 3746 comis
314 3696 410 3762 passis
437 3696 491 3750 late
515 3699 619 3767 polanis
639 3703 750 3768 palen
769 3698 862 3767 passas
891 3699 930 3751 ait
942 3700 1046 3768 palmis
1070 3699 1280 3768 patentibus
1305 3705 1330 3754 et

217 3799 347 3852 extensis.
391 3793 501 3871 Aperta
524 3800 633 3856 erroris
652 3777 752 3872 b'ri‘g’ti,
791 3797 864 3856 unde
894 3799 1018 3876 procliui
1048 3800 1234 3877 corruptelae
1260 3819 1328 3878 pro-

215 3914 320 3971 gressu
348 3903 522 3976 posterioris
552 3903 660 3963 librarii
689 3903 796 3962 incuria
824 3903 895 3963 illud
924 3906 1107 3982 procreauit,
1139 3904 1216 3984 quod
1239 3905 1328 3966 lrodie

114 3998 116 4002 ’
217 4003 418 4064 circumfertur
439 4008 576 4067 inlibris.

299 4108 498 4171 Vndecimo
524 4112 648 4172 annali
671 4130 719 4171 res
732 4112 881 4172 Flaminini
897 4114 1096 4172 continuantur
1113 4131 1147 4172 ac
1170 4113 1205 4171 lr.
1228 4111 1240 4172 l
1261 4111 1324 4171 Phi-

215 4211 286 4292 lippi
308 4215 450 4294 ingenium
473 4216 657 4296 designatur,
687 4220 819 4298 quicum
842 4226 908 4279 ante
930 4218 1048 4278 multum
1070 4217 1253 4297 insuperbIre
1276 4236 1323 4278 so·
