<?xml version="1.0" encoding="UTF-8"?>
<!DOCTYPE html PUBLIC "-//W3C//DTD XHTML 1.0 Transitional//EN"
    "http://www.w3.org/TR/xhtml1/DTD/xhtml1-transitional.dtd">
<html xmlns="http://www.w3.org/1999/xhtml" xml:lang="en" lang="en">
 <head>
  <title>
</title>
<meta http-equiv="Content-Type" content="text/html;charset=utf-8" />
  <meta name='ocr-system' content='tesseract 3.04.00' />
  <meta name='ocr-capabilities' content='ocr_page ocr_carea ocr_par ocr_line ocrx_word'/>
</head>
<body>
  <div class='ocr_page' id='page_1' title='image "./ennianaepoesisr02ennigoog_0142.png"; bbox 0 0 2752 4944; ppageno 0'>
   <div class='ocr_carea' id='block_1_1' title="bbox 510 385 751 456">
    <p class='ocr_par' dir='ltr' id='par_1_1' title="bbox 510 385 751 456">
     <span class='ocr_line' id='line_1_1' title="bbox 510 385 751 456; baseline -0.004 -13"><span class='ocrx_word' id='word_1_1' title='bbox 510 385 751 456; x_wconf 79' lang='lat' dir='ltr'><strong>nuerovrnu</strong></span> 
     </span>
    </p>
   </div>
   <div class='ocr_carea' id='block_1_2' title="bbox 92 671 1159 1283">
    <p class='ocr_par' dir='ltr' id='par_1_2' title="bbox 178 671 1083 952">
     <span class='ocr_line' id='line_1_2' title="bbox 179 671 978 764; baseline 0.001 -21"><span class='ocrx_word' id='word_1_2' title='bbox 179 673 317 744; x_wconf 76' lang='lat' dir='ltr'>Pellitur</span> <span class='ocrx_word' id='word_1_3' title='bbox 336 694 355 742; x_wconf 91' lang='lat' dir='ltr'><strong>e</strong></span> <span class='ocrx_word' id='word_1_4' title='bbox 374 671 482 742; x_wconf 88' lang='lat' dir='ltr'><strong>medio</strong></span> <span class='ocrx_word' id='word_1_5' title='bbox 504 671 681 762; x_wconf 77' lang='lat' dir='ltr'><strong>sapientia,</strong></span> <span class='ocrx_word' id='word_1_6' title='bbox 709 673 741 742; x_wconf 93' lang='lat' dir='ltr'><strong>ui</strong></span> <span class='ocrx_word' id='word_1_7' title='bbox 764 672 892 764; x_wconf 80' lang='lat' dir='ltr'><strong>geritur</strong></span> <span class='ocrx_word' id='word_1_8' title='bbox 913 695 978 760; x_wconf 89' lang='lat' dir='ltr'><strong>res,</strong></span> 
     </span>
     <span class='ocr_line' id='line_1_3' title="bbox 180 775 1083 868; baseline 0.002 -22"><span class='ocrx_word' id='word_1_9' title='bbox 180 777 356 868; x_wconf 84' lang='lat' dir='ltr'><strong>Spernitur</strong></span> <span class='ocrx_word' id='word_1_10' title='bbox 372 780 485 847; x_wconf 88' lang='lat' dir='ltr'><strong>orator</strong></span> <span class='ocrx_word' id='word_1_11' title='bbox 504 776 628 861; x_wconf 89' lang='lat' dir='ltr'><strong>bonus,</strong></span> <span class='ocrx_word' id='word_1_12' title='bbox 655 775 811 847; x_wconf 88' lang='lat' dir='ltr'><strong>horridus</strong></span> <span class='ocrx_word' id='word_1_13' title='bbox 832 777 927 848; x_wconf 89' lang='lat' dir='ltr'><strong>miles</strong></span> <span class='ocrx_word' id='word_1_14' title='bbox 946 784 1083 850; x_wconf 88' lang='lat' dir='ltr'><strong>amatur.</strong></span> 
     </span>
     <span class='ocr_line' id='line_1_4' title="bbox 178 877 970 952; baseline 0.003 -2"><span class='ocrx_word' id='word_1_15' title='bbox 178 881 275 952; x_wconf 82' lang='lat' dir='ltr'><strong>Haut.</strong></span> <span class='ocrx_word' id='word_1_16' title='bbox 287 879 392 950; x_wconf 92' lang='lat' dir='ltr'><strong>doctis</strong></span> <span class='ocrx_word' id='word_1_17' title='bbox 411 877 506 950; x_wconf 89' lang='lat' dir='ltr'><strong>dictis</strong></span> <span class='ocrx_word' id='word_1_18' title='bbox 527 883 691 952; x_wconf 75' lang='lat' dir='ltr'><strong>certantes</strong></span> <span class='ocrx_word' id='word_1_19' title='bbox 710 880 771 950; x_wconf 89' lang='lat' dir='ltr'><strong>sed</strong></span> <span class='ocrx_word' id='word_1_20' title='bbox 789 879 970 952; x_wconf 90' lang='lat' dir='ltr'><strong>maledictis</strong></span> 
     </span>
    </p>

    <p class='ocr_par' dir='ltr' id='par_1_3' title="bbox 92 973 1159 1283">
     <span class='ocr_line' id='line_1_5' title="bbox 92 973 926 1076; baseline -0.001 -23"><span class='ocrx_word' id='word_1_21' title='bbox 92 994 153 1054; x_wconf 83' lang='lat'><strong>275</strong></span> <span class='ocrx_word' id='word_1_22' title='bbox 179 984 318 1053; x_wconf 84' lang='lat' dir='ltr'><strong>Miscent</strong></span> <span class='ocrx_word' id='word_1_23' title='bbox 335 983 420 1053; x_wconf 89' lang='lat' dir='ltr'><strong>inter</strong></span> <span class='ocrx_word' id='word_1_24' title='bbox 436 1005 513 1052; x_wconf 93' lang='lat' dir='ltr'><strong>sese</strong></span> <span class='ocrx_word' id='word_1_25' title='bbox 534 973 730 1052; x_wconf 77' lang='lat' dir='ltr'><strong>inimicitiam</strong></span> <span class='ocrx_word' id='word_1_26' title='bbox 751 983 926 1076; x_wconf 81' lang='lat' dir='ltr'><strong>agitantes,</strong></span> 
     </span>
     <span class='ocr_line' id='line_1_6' title="bbox 178 1085 1083 1178; baseline -0.001 -22"><span class='ocrx_word' id='word_1_27' title='bbox 178 1089 252 1156; x_wconf 89' lang='lat' dir='ltr'><strong>Non</strong></span> <span class='ocrx_word' id='word_1_28' title='bbox 272 1109 316 1156; x_wconf 87' lang='lat' dir='ltr'><strong>ex</strong></span> <span class='ocrx_word' id='word_1_29' title='bbox 337 1087 407 1156; x_wconf 89' lang='lat' dir='ltr'><strong>iure</strong></span> <span class='ocrx_word' id='word_1_30' title='bbox 424 1108 556 1155; x_wconf 87' lang='lat' dir='ltr'><strong>manum</strong></span> <span class='ocrx_word' id='word_1_31' title='bbox 576 1089 764 1157; x_wconf 89' lang='lat' dir='ltr'><strong>consertum</strong></span> <span class='ocrx_word' id='word_1_32' title='bbox 783 1087 844 1157; x_wconf 92' lang='lat' dir='ltr'><strong>sed</strong></span> <span class='ocrx_word' id='word_1_33' title='bbox 867 1085 972 1178; x_wconf 85' lang='lat' dir='ltr'><strong>magi’</strong></span> <span class='ocrx_word' id='word_1_34' title='bbox 995 1087 1083 1156; x_wconf 89' lang='lat' dir='ltr'><strong>ierro</strong></span> 
     </span>
     <span class='ocr_line' id='line_1_7' title="bbox 181 1189 1159 1283; baseline -0.001 -23"><span class='ocrx_word' id='word_1_35' title='bbox 181 1191 264 1261; x_wconf 90' lang='lat' dir='ltr'><strong>Rem</strong></span> <span class='ocrx_word' id='word_1_36' title='bbox 284 1193 436 1282; x_wconf 91' lang='lat' dir='ltr'><strong>repetunt</strong></span> <span class='ocrx_word' id='word_1_37' title='bbox 454 1211 662 1283; x_wconf 85' lang='lat' dir='ltr'><strong>regnumque</strong></span> <span class='ocrx_word' id='word_1_38' title='bbox 681 1193 815 1281; x_wconf 87' lang='lat' dir='ltr'><strong>petunt,</strong></span> <span class='ocrx_word' id='word_1_39' title='bbox 844 1191 971 1261; x_wconf 87' lang='lat' dir='ltr'><strong>uadunt</strong></span> <span class='ocrx_word' id='word_1_40' title='bbox 993 1189 1159 1261; x_wconf 88' lang='lat' dir='ltr'><strong>solidani.</strong></span> 
     </span>
    </p>
   </div>
   <div class='ocr_carea' id='block_1_3' title="bbox 177 1305 932 1517">
    <p class='ocr_par' dir='ltr' id='par_1_4' title="bbox 177 1305 932 1517">
     <span class='ocr_line' id='line_1_8' title="bbox 592 1305 671 1376; baseline 0 -33"><span class='ocrx_word' id='word_1_41' title='bbox 592 1305 640 1376; x_wconf 73' lang='lat' dir='ltr'><strong>IV</strong></span> <span class='ocrx_word' id='word_1_42' title='bbox 654 1305 671 1343; x_wconf 76' lang='lat'>*</span> 
     </span>
     <span class='ocr_line' id='line_1_9' title="bbox 177 1421 932 1517; baseline 0.001 -26"><span class='ocrx_word' id='word_1_43' title='bbox 177 1422 282 1494; x_wconf 87' lang='lat' dir='ltr'><strong>Poeni</strong></span> <span class='ocrx_word' id='word_1_44' title='bbox 303 1444 386 1492; x_wconf 91' lang='lat' dir='ltr'><strong>suos</strong></span> <span class='ocrx_word' id='word_1_45' title='bbox 406 1421 494 1494; x_wconf 89' lang='lat' dir='ltr'><strong>soliti</strong></span> <span class='ocrx_word' id='word_1_46' title='bbox 511 1422 563 1494; x_wconf 93' lang='lat' dir='ltr'><strong>dis</strong></span> <span class='ocrx_word' id='word_1_47' title='bbox 583 1424 771 1496; x_wconf 83' lang='lat' dir='ltr'><strong>sacrificare</strong></span> <span class='ocrx_word' id='word_1_48' title='bbox 790 1423 932 1517; x_wconf 90' lang='lat' dir='ltr'><strong>puellos.</strong></span> 
     </span>
    </p>
   </div>
   <div class='ocr_carea' id='block_1_4' title="bbox 73 1619 1187 2943">
    <p class='ocr_par' dir='ltr' id='par_1_5' title="bbox 77 1619 1187 1832">
     <span class='ocr_line' id='line_1_10' title="bbox 77 1619 1187 1688; baseline -0.002 -14"><span class='ocrx_word' id='word_1_49' title='bbox 77 1641 127 1674; x_wconf 90' lang='lat' dir='ltr'><strong>non</strong></span> <span class='ocrx_word' id='word_1_50' title='bbox 147 1623 265 1674; x_wconf 83' lang='lat' dir='ltr'><strong>inuenies</strong></span> <span class='ocrx_word' id='word_1_51' title='bbox 277 1625 366 1675; x_wconf 88' lang='lat' dir='ltr'><strong>eadem</strong></span> <span class='ocrx_word' id='word_1_52' title='bbox 386 1625 501 1676; x_wconf 79' lang='lat' dir='ltr'><strong>membre</strong></span> <span class='ocrx_word' id='word_1_53' title='bbox 516 1641 581 1688; x_wconf 84' lang='lat' dir='ltr'><strong>quae</strong></span> <span class='ocrx_word' id='word_1_54' title='bbox 595 1633 653 1676; x_wconf 86' lang='lat' dir='ltr'><strong>sunt</strong></span> <span class='ocrx_word' id='word_1_55' title='bbox 666 1627 693 1676; x_wconf 88' lang='lat' dir='ltr'><strong>in</strong></span> <span class='ocrx_word' id='word_1_56' title='bbox 705 1627 827 1678; x_wconf 78' lang='lat' dir='ltr'><strong>Ennianis</strong></span> <span class='ocrx_word' id='word_1_57' title='bbox 840 1626 958 1676; x_wconf 88' lang='lat' dir='ltr'><strong>uersibus</strong></span> <span class='ocrx_word' id='word_1_58' title='bbox 973 1625 1016 1688; x_wconf 93' lang='lat' dir='ltr'><strong>qui</strong></span> <span class='ocrx_word' id='word_1_59' title='bbox 1030 1637 1123 1688; x_wconf 81' lang='lat' dir='ltr'><strong>magno</strong></span> <span class='ocrx_word' id='word_1_60' title='bbox 1137 1619 1187 1673; x_wconf 82' lang='lat' dir='ltr'><strong>s‘ci-</strong></span> 
     </span>
     <span class='ocr_line' id='line_1_11' title="bbox 78 1693 1185 1762; baseline 0 -18"><span class='ocrx_word' id='word_1_61' title='bbox 78 1695 136 1744; x_wconf 89' lang='lat' dir='ltr'><strong>licet</strong></span> <span class='ocrx_word' id='word_1_62' title='bbox 149 1695 243 1760; x_wconf 88' lang='lat' dir='ltr'><strong>spiritu</strong></span> <span class='ocrx_word' id='word_1_63' title='bbox 256 1701 281 1743; x_wconf 86' lang='lat' dir='ltr'><strong>et</strong></span> <span class='ocrx_word' id='word_1_64' title='bbox 294 1695 379 1744; x_wconf 89' lang='lat' dir='ltr'><strong>uerbis</strong></span> <span class='ocrx_word' id='word_1_65' title='bbox 393 1693 527 1744; x_wconf 77' lang='lat' dir='ltr'><strong>altioribus</strong></span> <span class='ocrx_word' id='word_1_66' title='bbox 545 1697 680 1762; x_wconf 81' lang='lat' dir='ltr'><strong>compositi</strong></span> <span class='ocrx_word' id='word_1_67' title='bbox 700 1705 773 1759; x_wconf 87' lang='lat' dir='ltr'><strong>sunt,</strong></span> <span class='ocrx_word' id='word_1_68' title='bbox 798 1696 869 1746; x_wconf 89' lang='lat' dir='ltr'><strong>uelut</strong></span> <span class='ocrx_word' id='word_1_69' title='bbox 884 1695 913 1746; x_wconf 88' lang='lat' dir='ltr'><strong>bi</strong></span> <span class='ocrx_word' id='word_1_70' title='bbox 932 1699 1004 1746; x_wconf 89' lang='lat' dir='ltr'><strong>sunt:</strong></span> <span class='ocrx_word' id='word_1_71' title='bbox 1035 1695 1185 1758; x_wconf 83' lang='lat' dir='ltr'><strong>postquam·</strong></span> 
     </span>
     <span class='ocr_line' id='line_1_12' title="bbox 77 1764 1116 1832; baseline -0.001 -20"><span class='ocrx_word' id='word_1_72' title='bbox 77 1781 99 1812; x_wconf 87' lang='lat' dir='ltr'><strong>e.</strong></span> <span class='ocrx_word' id='word_1_73' title='bbox 120 1781 145 1826; x_wconf 88' lang='lat' dir='ltr'><strong>q.</strong></span> <span class='ocrx_word' id='word_1_74' title='bbox 167 1780 188 1812; x_wconf 90' lang='lat' dir='ltr'><strong>s.</strong></span> <span class='ocrx_word' id='word_1_75' title='bbox 208 1765 291 1812; x_wconf 85' lang='lat' dir='ltr'><strong>.Acr0</strong></span> <span class='ocrx_word' id='word_1_76' title='bbox 313 1765 376 1814; x_wconf 84' lang='lat' dir='ltr'><strong>ibid.</strong></span> <span class='ocrx_word' id='word_1_77' title='bbox 404 1767 557 1830; x_wconf 84' lang='lat' dir='ltr'><strong>‘postquam</strong></span> <span class='ocrx_word' id='word_1_78' title='bbox 635 1766 754 1832; x_wconf 76' lang='lat' dir='ltr'><strong>refregit:</strong></span> <span class='ocrx_word' id='word_1_79' title='bbox 778 1766 841 1816; x_wconf 91' lang='lat' dir='ltr'><strong>haec</strong></span> <span class='ocrx_word' id='word_1_80' title='bbox 855 1766 930 1815; x_wconf 82' lang='lat' dir='ltr'><strong>Ennii</strong></span> <span class='ocrx_word' id='word_1_81' title='bbox 948 1764 1027 1814; x_wconf 83' lang='lat' dir='ltr'><strong>uerba</strong></span> <span class='ocrx_word' id='word_1_82' title='bbox 1040 1764 1116 1812; x_wconf 64' lang='lat' dir='ltr'><strong>sunt!</strong></span> 
     </span>
    </p>

    <p class='ocr_par' dir='ltr' id='par_1_6' title="bbox 73 1833 1187 2943">
     <span class='ocr_line' id='line_1_13' title="bbox 77 1833 1186 1898; baseline -0.001 -16"><span class='ocrx_word' id='word_1_83' title='bbox 77 1835 112 1882; x_wconf 89' lang='lat' dir='ltr'><strong>ill</strong></span> <span class='ocrx_word' id='word_1_84' title='bbox 131 1833 293 1883; x_wconf 86' lang='lat' dir='ltr'><strong>GelliusXX</strong></span> <span class='ocrx_word' id='word_1_85' title='bbox 310 1833 343 1883; x_wconf 91' lang='lat'><strong>10</strong></span> <span class='ocrx_word' id='word_1_86' title='bbox 361 1837 416 1882; x_wconf 85' lang='lat' dir='ltr'><strong>‘ex</strong></span> <span class='ocrx_word' id='word_1_87' title='bbox 436 1835 508 1883; x_wconf 89' lang='lat' dir='ltr'><strong>iure</strong></span> <span class='ocrx_word' id='word_1_88' title='bbox 527 1850 651 1884; x_wconf 85' lang='lat' dir='ltr'><strong>manum</strong></span> <span class='ocrx_word' id='word_1_89' title='bbox 670 1844 906 1886; x_wconf 90' lang='lat' dir='ltr'><strong>consertum-</strong></span> <span class='ocrx_word' id='word_1_90' title='bbox 929 1851 961 1884; x_wconf 86' lang='lat' dir='ltr'><strong>ex</strong></span> <span class='ocrx_word' id='word_1_91' title='bbox 974 1833 1055 1884; x_wconf 81' lang='lat' dir='ltr'><strong>Ennio</strong></span> <span class='ocrx_word' id='word_1_92' title='bbox 1073 1846 1135 1898; x_wconf 84' lang='lat' dir='ltr'><strong>ergo</strong></span> <span class='ocrx_word' id='word_1_93' title='bbox 1148 1833 1186 1881; x_wconf 92' lang='lat' dir='ltr'><strong>in-</strong></span> 
     </span>
     <span class='ocr_line' id='line_1_14' title="bbox 78 1903 1111 1968; baseline -0.002 -16"><span class='ocrx_word' id='word_1_94' title='bbox 78 1919 152 1965; x_wconf 84' lang='lat' dir='ltr'><strong>quarn</strong></span> <span class='ocrx_word' id='word_1_95' title='bbox 173 1911 212 1952; x_wconf 86' lang='lat' dir='ltr'><strong>est</strong></span> <span class='ocrx_word' id='word_1_96' title='bbox 230 1903 353 1968; x_wconf 84' lang='lat' dir='ltr'><strong>magister</strong></span> <span class='ocrx_word' id='word_1_97' title='bbox 371 1904 441 1966; x_wconf 79' lang='lat' dir='ltr'><strong>quoti</strong></span> <span class='ocrx_word' id='word_1_98' title='bbox 459 1918 567 1967; x_wconf 84' lang='lat' dir='ltr'><strong>quaero;</strong></span> <span class='ocrx_word' id='word_1_99' title='bbox 594 1905 692 1956; x_wconf 87' lang='lat' dir='ltr'><strong>Ennius</strong></span> <span class='ocrx_word' id='word_1_100' title='bbox 711 1906 780 1956; x_wconf 87' lang='lat' dir='ltr'><strong>enim</strong></span> <span class='ocrx_word' id='word_1_101' title='bbox 798 1907 884 1956; x_wconf 89' lang='lat' dir='ltr'><strong>uerbis</strong></span> <span class='ocrx_word' id='word_1_102' title='bbox 903 1905 974 1954; x_wconf 88' lang='lat' dir='ltr'><strong>bisce</strong></span> <span class='ocrx_word' id='word_1_103' title='bbox 992 1917 1054 1952; x_wconf 86' lang='lat' dir='ltr'><strong>usus</strong></span> <span class='ocrx_word' id='word_1_104' title='bbox 1071 1911 1111 1952; x_wconf 88' lang='lat' dir='ltr'><strong>est</strong></span> 
     </span>
     <span class='ocr_line' id='line_1_15' title="bbox 76 1971 1187 2036; baseline 0.002 -16"><span class='ocrx_word' id='word_1_105' title='bbox 76 1983 128 2022; x_wconf 90' lang='lat' dir='ltr'><strong>turn</strong></span> <span class='ocrx_word' id='word_1_106' title='bbox 150 1987 199 2036; x_wconf 87' lang='lat' dir='ltr'><strong>ego</strong></span> <span class='ocrx_word' id='word_1_107' title='bbox 223 1971 270 2022; x_wconf 90' lang='lat' dir='ltr'><strong>hos</strong></span> <span class='ocrx_word' id='word_1_108' title='bbox 291 1988 379 2022; x_wconf 87' lang='lat' dir='ltr'><strong>uersus</strong></span> <span class='ocrx_word' id='word_1_109' title='bbox 398 1989 429 2022; x_wconf 84' lang='lat' dir='ltr'><strong>ex</strong></span> <span class='ocrx_word' id='word_1_110' title='bbox 453 1983 542 2023; x_wconf 88' lang='lat' dir='ltr'><strong>octauo</strong></span> <span class='ocrx_word' id='word_1_111' title='bbox 557 1975 642 2024; x_wconf 88' lang='lat' dir='ltr'><strong>annali</strong></span> <span class='ocrx_word' id='word_1_112' title='bbox 663 1977 781 2026; x_wconf 82' lang='lat' dir='ltr'><strong>absentes</strong></span> <span class='ocrx_word' id='word_1_113' title='bbox 804 1976 875 2025; x_wconf 81' lang='lat' dir='ltr'><strong>dixi:</strong></span> <span class='ocrx_word' id='word_1_114' title='bbox 905 1989 963 2023; x_wconf 86' lang='lat' dir='ltr'><strong>nam</strong></span> <span class='ocrx_word' id='word_1_115' title='bbox 982 1973 1047 2023; x_wconf 80' lang='lat' dir='ltr'><strong>forte</strong></span> <span class='ocrx_word' id='word_1_116' title='bbox 1063 1987 1108 2024; x_wconf 86' lang='lat' dir='ltr'><strong>eos</strong></span> <span class='ocrx_word' id='word_1_117' title='bbox 1122 1979 1187 2022; x_wconf 84' lang='lat' dir='ltr'><strong>tarn-</strong></span> 
     </span>
     <span class='ocr_line' id='line_1_16' title="bbox 78 2041 1186 2111; baseline 0 -20"><span class='ocrx_word' id='word_1_118' title='bbox 78 2058 153 2104; x_wconf 87' lang='lat' dir='ltr'><strong>quam</strong></span> <span class='ocrx_word' id='word_1_119' title='bbox 175 2041 309 2106; x_wconf 86' lang='lat' dir='ltr'><strong>insigniter</strong></span> <span class='ocrx_word' id='word_1_120' title='bbox 329 2050 430 2108; x_wconf 90' lang='lat' dir='ltr'><strong>praeter</strong></span> <span class='ocrx_word' id='word_1_121' title='bbox 449 2044 514 2092; x_wconf 89' lang='lat' dir='ltr'><strong>alios</strong></span> <span class='ocrx_word' id='word_1_122' title='bbox 535 2043 616 2092; x_wconf 83' lang='lat' dir='ltr'><strong>iactos</strong></span> <span class='ocrx_word' id='word_1_123' title='bbox 632 2046 809 2096; x_wconf 77' lang='lat' dir='ltr'><strong>memineram:</strong></span> <span class='ocrx_word' id='word_1_124' title='bbox 835 2044 951 2111; x_wconf 85' lang='lat' dir='ltr'><strong>pellitur&#39;</strong></span> <span class='ocrx_word' id='word_1_125' title='bbox 970 2059 992 2092; x_wconf 89' lang='lat' dir='ltr'><strong>e.</strong></span> <span class='ocrx_word' id='word_1_126' title='bbox 1012 2058 1037 2104; x_wconf 92' lang='lat' dir='ltr'><strong>q.</strong></span> <span class='ocrx_word' id='word_1_127' title='bbox 1056 2057 1078 2092; x_wconf 75' lang='lat' dir='ltr'><strong>s,</strong></span> <span class='ocrx_word' id='word_1_128' title='bbox 1112 2045 1186 2091; x_wconf 83' lang='lat' dir='ltr'><strong>‘cum</strong></span> 
     </span>
     <span class='ocr_line' id='line_1_17' title="bbox 77 2111 1186 2176; baseline 0 -16"><span class='ocrx_word' id='word_1_129' title='bbox 77 2111 124 2160; x_wconf 85' lang='lat' dir='ltr'><strong>bos</strong></span> <span class='ocrx_word' id='word_1_130' title='bbox 143 2126 235 2161; x_wconf 86' lang='lat' dir='ltr'><strong>uersus</strong></span> <span class='ocrx_word' id='word_1_131' title='bbox 248 2112 377 2162; x_wconf 83' lang='lat' dir='ltr'><strong>Ennianos</strong></span> <span class='ocrx_word' id='word_1_132' title='bbox 390 2112 530 2162; x_wconf 81' lang='lat' dir='ltr'><strong>dixissem&#39;</strong></span> <span class='ocrx_word' id='word_1_133' title='bbox 555 2128 578 2162; x_wconf 88' lang='lat' dir='ltr'><strong>e.</strong></span> <span class='ocrx_word' id='word_1_134' title='bbox 594 2129 619 2176; x_wconf 91' lang='lat' dir='ltr'><strong>q.</strong></span> <span class='ocrx_word' id='word_1_135' title='bbox 634 2131 655 2163; x_wconf 88' lang='lat' dir='ltr'><strong>s.</strong></span> <span class='ocrx_word' id='word_1_136' title='bbox 684 2115 831 2164; x_wconf 85' lang='lat' dir='ltr'><strong>Lactantius</strong></span> <span class='ocrx_word' id='word_1_137' title='bbox 849 2113 1024 2163; x_wconf 89' lang='lat' dir='ltr'><strong>Diu.1nst.V</strong></span> <span class='ocrx_word' id='word_1_138' title='bbox 1044 2127 1066 2160; x_wconf 88' lang='lat' dir='ltr'><strong>c.</strong></span> <span class='ocrx_word' id='word_1_139' title='bbox 1083 2111 1096 2160; x_wconf 95' lang='lat' dir='ltr'><strong>l</strong></span> <span class='ocrx_word' id='word_1_140' title='bbox 1118 2111 1186 2161; x_wconf 87' lang='lat' dir='ltr'><strong>‘dis-</strong></span> 
     </span>
     <span class='ocr_line' id='line_1_18' title="bbox 76 2181 1185 2248; baseline 0 -19"><span class='ocrx_word' id='word_1_141' title='bbox 76 2181 221 2246; x_wconf 84' lang='lat' dir='ltr'><strong>ceptatione</strong></span> <span class='ocrx_word' id='word_1_142' title='bbox 240 2181 342 2232; x_wconf 87' lang='lat' dir='ltr'><strong>sublata</strong></span> <span class='ocrx_word' id='word_1_143' title='bbox 360 2181 558 2248; x_wconf 88' lang='lat' dir='ltr'><strong>pellitur</strong></span> <span class='ocrx_word' id='word_1_144' title='bbox 575 2199 643 2244; x_wconf 86' lang='lat' dir='ltr'><strong>res,</strong></span> <span class='ocrx_word' id='word_1_145' title='bbox 661 2192 689 2233; x_wconf 91' lang='lat' dir='ltr'><strong>ut</strong></span> <span class='ocrx_word' id='word_1_146' title='bbox 707 2186 742 2234; x_wconf 87' lang='lat' dir='ltr'><strong>ait</strong></span> <span class='ocrx_word' id='word_1_147' title='bbox 755 2184 871 2234; x_wconf 69' lang='lat' dir='ltr'><strong>sonim:</strong></span> <span class='ocrx_word' id='word_1_148' title='bbox 903 2183 991 2234; x_wconf 87' lang='lat' dir='ltr'><strong>Cicero</strong></span> <span class='ocrx_word' id='word_1_149' title='bbox 1005 2181 1038 2231; x_wconf 84' lang='lat' dir='ltr'><strong>ad</strong></span> <span class='ocrx_word' id='word_1_150' title='bbox 1059 2181 1120 2232; x_wconf 76' lang='lat' dir='ltr'><strong>iam·</strong></span> <span class='ocrx_word' id='word_1_151' title='bbox 1137 2182 1185 2230; x_wconf 91' lang='lat' dir='ltr'><strong>Vll</strong></span> 
     </span>
     <span class='ocr_line' id='line_1_19' title="bbox 77 2249 1185 2320; baseline 0.001 -21"><span class='ocrx_word' id='word_1_152' title='bbox 77 2250 118 2311; x_wconf 89' lang='grc'><strong>13,</strong></span> <span class='ocrx_word' id='word_1_153' title='bbox 134 2253 151 2300; x_wconf 84' lang='lat'>2</span> <span class='ocrx_word' id='word_1_154' title='bbox 170 2257 284 2300; x_wconf 79' lang='lat' dir='ltr'><strong>‘tautum</strong></span> <span class='ocrx_word' id='word_1_155' title='bbox 298 2259 397 2310; x_wconf 89' lang='lat' dir='ltr'><strong>metuo,</strong></span> <span class='ocrx_word' id='word_1_156' title='bbox 416 2267 447 2300; x_wconf 90' lang='lat' dir='ltr'><strong>ne</strong></span> <span class='ocrx_word' id='word_1_157' title='bbox 459 2251 593 2301; x_wconf 82' lang='lat' dir='ltr'><strong>artificium</strong></span> <span class='ocrx_word' id='word_1_158' title='bbox 607 2261 677 2303; x_wconf 90' lang='lat' dir='ltr'><strong>tuum</strong></span> <span class='ocrx_word' id='word_1_159' title='bbox 689 2255 735 2304; x_wconf 91' lang='lat' dir='ltr'><strong>tibi</strong></span> <span class='ocrx_word' id='word_1_160' title='bbox 748 2269 838 2320; x_wconf 89' lang='lat' dir='ltr'><strong>parum</strong></span> <span class='ocrx_word' id='word_1_161' title='bbox 851 2253 941 2319; x_wconf 90' lang='lat' dir='ltr'><strong>prosit.</strong></span> <span class='ocrx_word' id='word_1_162' title='bbox 967 2250 1041 2310; x_wconf 89' lang='lat' dir='ltr'><strong>Nam,</strong></span> <span class='ocrx_word' id='word_1_163' title='bbox 1060 2249 1185 2308; x_wconf 80' lang='lat' dir='ltr'><strong>utendis,</strong></span> 
     </span>
     <span class='ocr_line' id='line_1_20' title="bbox 76 2321 1185 2390; baseline 0 -22"><span class='ocrx_word' id='word_1_164' title='bbox 76 2322 133 2369; x_wconf 89' lang='lat' dir='ltr'><strong>istic</strong></span> <span class='ocrx_word' id='word_1_165' title='bbox 150 2335 215 2370; x_wconf 90' lang='lat' dir='ltr'><strong>non</strong></span> <span class='ocrx_word' id='word_1_166' title='bbox 235 2336 273 2370; x_wconf 86' lang='lat' dir='ltr'><strong>ex</strong></span> <span class='ocrx_word' id='word_1_167' title='bbox 292 2321 365 2372; x_wconf 92' lang='lat' dir='ltr'><strong>iure</strong></span> <span class='ocrx_word' id='word_1_168' title='bbox 432 2322 606 2387; x_wconf 65' lang='lat' dir='ltr'><strong>repetunt!</strong></span> <span class='ocrx_word' id='word_1_169' title='bbox 637 2323 708 2374; x_wconf 88' lang='lat' dir='ltr'><strong>Idem</strong></span> <span class='ocrx_word' id='word_1_170' title='bbox 721 2337 768 2390; x_wconf 89' lang='lat' dir='ltr'><strong>pro</strong></span> <span class='ocrx_word' id='word_1_171' title='bbox 780 2323 886 2374; x_wconf 84' lang='lat' dir='ltr'><strong>Murena</strong></span> <span class='ocrx_word' id='word_1_172' title='bbox 899 2323 940 2382; x_wconf 78' lang='lat'><strong>14,</strong></span> <span class='ocrx_word' id='word_1_173' title='bbox 955 2321 989 2373; x_wconf 87' lang='lat'><strong>30</strong></span> <span class='ocrx_word' id='word_1_174' title='bbox 1012 2321 1134 2378; x_wconf 64' lang='lat' dir='ltr'><strong>‘etenim</strong></span> <span class='ocrx_word' id='word_1_175' title='bbox 1157 2327 1185 2370; x_wconf 91' lang='lat' dir='ltr'><strong>ut</strong></span> 
     </span>
     <span class='ocr_line' id='line_1_21' title="bbox 75 2389 1185 2458; baseline -0.002 -19"><span class='ocrx_word' id='word_1_176' title='bbox 75 2391 109 2439; x_wconf 86' lang='lat' dir='ltr'><strong>ait</strong></span> <span class='ocrx_word' id='word_1_177' title='bbox 125 2390 275 2456; x_wconf 86' lang='lat' dir='ltr'><strong>ingeniosus</strong></span> <span class='ocrx_word' id='word_1_178' title='bbox 289 2394 365 2455; x_wconf 77' lang='lat' dir='ltr'><strong>potita</strong></span> <span class='ocrx_word' id='word_1_179' title='bbox 379 2397 403 2440; x_wconf 88' lang='lat' dir='ltr'><strong>et</strong></span> <span class='ocrx_word' id='word_1_180' title='bbox 419 2399 506 2441; x_wconf 84' lang='lat' dir='ltr'><strong>auctor</strong></span> <span class='ocrx_word' id='word_1_181' title='bbox 519 2390 596 2441; x_wconf 86' lang='lat' dir='ltr'><strong>ualde</strong></span> <span class='ocrx_word' id='word_1_182' title='bbox 608 2392 707 2453; x_wconf 88' lang='lat' dir='ltr'><strong>bonus,</strong></span> <span class='ocrx_word' id='word_1_183' title='bbox 737 2393 843 2458; x_wconf 89' lang='lat' dir='ltr'><strong>proeliis</strong></span> <span class='ocrx_word' id='word_1_184' title='bbox 856 2391 1024 2458; x_wconf 86' lang='lat' dir='ltr'><strong>promulgatis</strong></span> <span class='ocrx_word' id='word_1_185' title='bbox 1044 2389 1185 2456; x_wconf 89' lang='lat' dir='ltr'><strong>pellitur</strong></span> 
     </span>
     <span class='ocr_line' id='line_1_22' title="bbox 75 2460 1186 2528; baseline 0.001 -20"><span class='ocrx_word' id='word_1_186' title='bbox 75 2460 212 2509; x_wconf 85' lang='lat' dir='ltr'><strong>emedio</strong></span> <span class='ocrx_word' id='word_1_187' title='bbox 227 2474 275 2509; x_wconf 88' lang='lat' dir='ltr'><strong>non</strong></span> <span class='ocrx_word' id='word_1_188' title='bbox 289 2461 372 2509; x_wconf 86' lang='lat' dir='ltr'><strong>solum</strong></span> <span class='ocrx_word' id='word_1_189' title='bbox 388 2460 438 2509; x_wconf 91' lang='lat' dir='ltr'><strong>ista</strong></span> <span class='ocrx_word' id='word_1_190' title='bbox 449 2469 535 2510; x_wconf 85' lang='lat' dir='ltr'><strong>uestra</strong></span> <span class='ocrx_word' id='word_1_191' title='bbox 549 2462 660 2512; x_wconf 87' lang='lat' dir='ltr'><strong>uerbosa</strong></span> <span class='ocrx_word' id='word_1_192' title='bbox 673 2463 801 2512; x_wconf 85' lang='lat' dir='ltr'><strong>simulatio</strong></span> <span class='ocrx_word' id='word_1_193' title='bbox 814 2463 963 2528; x_wconf 88' lang='lat' dir='ltr'><strong>prudentiae</strong></span> <span class='ocrx_word' id='word_1_194' title='bbox 978 2461 1113 2510; x_wconf 85' lang='lat' dir='ltr'><strong>sedetiam</strong></span> <span class='ocrx_word' id='word_1_195' title='bbox 1128 2461 1186 2526; x_wconf 84' lang='lat' dir='ltr'><strong>ipsa</strong></span> 
     </span>
     <span class='ocr_line' id='line_1_23' title="bbox 76 2529 1185 2597; baseline 0.002 -21"><span class='ocrx_word' id='word_1_196' title='bbox 76 2530 120 2578; x_wconf 88' lang='lat' dir='ltr'><strong>illa</strong></span> <span class='ocrx_word' id='word_1_197' title='bbox 134 2529 335 2580; x_wconf 83' lang='lat' dir='ltr'><strong>dominatorum</strong></span> <span class='ocrx_word' id='word_1_198' title='bbox 350 2531 531 2596; x_wconf 85' lang='lat' dir='ltr'><strong>sapientia:</strong></span> <span class='ocrx_word' id='word_1_199' title='bbox 550 2531 721 2597; x_wconf 88' lang='lat' dir='ltr'><strong>uigeritur</strong></span> <span class='ocrx_word' id='word_1_200' title='bbox 736 2548 798 2582; x_wconf 87' lang='lat' dir='ltr'><strong>res.</strong></span> <span class='ocrx_word' id='word_1_201' title='bbox 817 2532 991 2596; x_wconf 87' lang='lat' dir='ltr'><strong>spernitur</strong></span> <span class='ocrx_word' id='word_1_202' title='bbox 1006 2536 1121 2578; x_wconf 86' lang='lat' dir='ltr'><strong>orator</strong></span> <span class='ocrx_word' id='word_1_203' title='bbox 1135 2544 1185 2578; x_wconf 92' lang='lat' dir='ltr'><strong>non</strong></span> 
     </span>
     <span class='ocr_line' id='line_1_24' title="bbox 73 2598 1185 2662; baseline 0.001 -15"><span class='ocrx_word' id='word_1_204' title='bbox 73 2599 158 2650; x_wconf 89' lang='lat' dir='ltr'><strong>solum</strong></span> <span class='ocrx_word' id='word_1_205' title='bbox 181 2599 287 2650; x_wconf 86' lang='lat' dir='ltr'><strong>odiosus</strong></span> <span class='ocrx_word' id='word_1_206' title='bbox 306 2601 332 2648; x_wconf 92' lang='lat' dir='ltr'><strong>iu</strong></span> <span class='ocrx_word' id='word_1_207' title='bbox 352 2599 459 2650; x_wconf 83' lang='lat' dir='ltr'><strong>dicendo</strong></span> <span class='ocrx_word' id='word_1_208' title='bbox 480 2616 510 2649; x_wconf 88' lang='lat' dir='ltr'><strong>ac</strong></span> <span class='ocrx_word' id='word_1_209' title='bbox 534 2600 642 2662; x_wconf 85' lang='lat' dir='ltr'><strong>loquax,</strong></span> <span class='ocrx_word' id='word_1_210' title='bbox 669 2617 758 2652; x_wconf 89' lang='lat' dir='ltr'><strong>uerum</strong></span> <span class='ocrx_word' id='word_1_211' title='bbox 780 2602 857 2652; x_wconf 88' lang='lat' dir='ltr'><strong>etiam</strong></span> <span class='ocrx_word' id='word_1_212' title='bbox 883 2601 1004 2650; x_wconf 88' lang='lat' dir='ltr'><strong>bonus:</strong></span> <span class='ocrx_word' id='word_1_213' title='bbox 1029 2598 1185 2648; x_wconf 85' lang='lat' dir='ltr'><strong>horridus</strong></span> 
     </span>
     <span class='ocr_line' id='line_1_25' title="bbox 73 2667 1185 2736; baseline -0.001 -19"><span class='ocrx_word' id='word_1_214' title='bbox 73 2669 327 2718; x_wconf 87' lang='lat' dir='ltr'><strong>milesamatur.</strong></span> <span class='ocrx_word' id='word_1_215' title='bbox 355 2670 474 2719; x_wconf 89' lang='lat' dir='ltr'><strong>Vestrum</strong></span> <span class='ocrx_word' id='word_1_216' title='bbox 486 2684 547 2719; x_wconf 91' lang='lat' dir='ltr'><strong>uero</strong></span> <span class='ocrx_word' id='word_1_217' title='bbox 559 2671 672 2720; x_wconf 89' lang='lat' dir='ltr'><strong>studium</strong></span> <span class='ocrx_word' id='word_1_218' title='bbox 684 2679 765 2721; x_wconf 85' lang='lat' dir='ltr'><strong>toturn</strong></span> <span class='ocrx_word' id='word_1_219' title='bbox 779 2670 872 2720; x_wconf 91' lang='lat' dir='ltr'><strong>iacet:&#39;</strong></span> <span class='ocrx_word' id='word_1_220' title='bbox 893 2670 1014 2736; x_wconf 88' lang='lat' dir='ltr'><strong>(bonus</strong></span> <span class='ocrx_word' id='word_1_221' title='bbox 1096 2667 1185 2718; x_wconf 86' lang='lat' dir='ltr'><strong>iacet</strong></span> 
     </span>
     <span class='ocr_line' id='line_1_26' title="bbox 73 2733 1185 2801; baseline -0.002 -14"><span class='ocrx_word' id='word_1_222' title='bbox 73 2753 122 2788; x_wconf 91' lang='lat' dir='ltr'><strong>om.</strong></span> <span class='ocrx_word' id='word_1_223' title='bbox 148 2735 273 2801; x_wconf 89' lang='lat' dir='ltr'><strong>Helmst.)</strong></span> <span class='ocrx_word' id='word_1_224' title='bbox 305 2740 386 2789; x_wconf 87' lang='lat' dir='ltr'><strong>‘non</strong></span> <span class='ocrx_word' id='word_1_225' title='bbox 406 2755 444 2788; x_wconf 87' lang='lat' dir='ltr'><strong>ex</strong></span> <span class='ocrx_word' id='word_1_226' title='bbox 463 2740 535 2788; x_wconf 90' lang='lat' dir='ltr'><strong>iure</strong></span> <span class='ocrx_word' id='word_1_227' title='bbox 553 2755 680 2790; x_wconf 86' lang='lat' dir='ltr'><strong>manum</strong></span> <span class='ocrx_word' id='word_1_228' title='bbox 699 2747 888 2791; x_wconf 87' lang='lat' dir='ltr'><strong>consertum</strong></span> <span class='ocrx_word' id='word_1_229' title='bbox 913 2737 973 2788; x_wconf 85' lang='lat' dir='ltr'><strong>sed</strong></span> <span class='ocrx_word' id='word_1_230' title='bbox 994 2733 1085 2787; x_wconf 72' lang='lat' dir='ltr'><strong>ierro‘</strong></span> <span class='ocrx_word' id='word_1_231' title='bbox 1103 2737 1185 2800; x_wconf 92' lang='lat' dir='ltr'><strong>inquit</strong></span> 
     </span>
     <span class='ocr_line' id='line_1_27' title="bbox 74 2807 1186 2876; baseline 0.003 -21"><span class='ocrx_word' id='word_1_232' title='bbox 74 2824 138 2858; x_wconf 89' lang='lat' dir='ltr'><strong>rem</strong></span> <span class='ocrx_word' id='word_1_233' title='bbox 159 2808 344 2872; x_wconf 90' lang='lat' dir='ltr'><strong>repetunt.’</strong></span> <span class='ocrx_word' id='word_1_234' title='bbox 413 2809 450 2858; x_wconf 90' lang='lat' dir='ltr'><strong>IV</strong></span> <span class='ocrx_word' id='word_1_235' title='bbox 466 2809 557 2860; x_wconf 82' lang='lat' dir='ltr'><strong>Festus</strong></span> <span class='ocrx_word' id='word_1_236' title='bbox 572 2825 598 2874; x_wconf 88' lang='lat' dir='ltr'><strong>p.</strong></span> <span class='ocrx_word' id='word_1_237' title='bbox 613 2808 664 2863; x_wconf 80' lang='lat'><strong>249</strong></span> <span class='ocrx_word' id='word_1_238' title='bbox 678 2810 712 2860; x_wconf 89' lang='lat' dir='ltr'><strong>M.</strong></span> <span class='ocrx_word' id='word_1_239' title='bbox 742 2810 863 2876; x_wconf 87' lang='lat' dir='ltr'><strong>‘puelli</strong></span> <span class='ocrx_word' id='word_1_240' title='bbox 884 2823 930 2874; x_wconf 90' lang='lat' dir='ltr'><strong>per</strong></span> <span class='ocrx_word' id='word_1_241' title='bbox 951 2807 1186 2858; x_wconf 82' lang='lat' dir='ltr'><strong>deminutionema</strong></span> 
     </span>
     <span class='ocr_line' id='line_1_28' title="bbox 75 2875 1183 2943; baseline -0.001 -16"><span class='ocrx_word' id='word_1_242' title='bbox 75 2879 164 2943; x_wconf 88' lang='lat' dir='ltr'><strong>pueris</strong></span> <span class='ocrx_word' id='word_1_243' title='bbox 180 2877 246 2926; x_wconf 84' lang='lat' dir='ltr'><strong>dicti</strong></span> <span class='ocrx_word' id='word_1_244' title='bbox 263 2886 331 2930; x_wconf 85' lang='lat' dir='ltr'><strong>sunt.</strong></span> <span class='ocrx_word' id='word_1_245' title='bbox 357 2879 442 2942; x_wconf 84' lang='lat' dir='ltr'><strong>itaque</strong></span> <span class='ocrx_word' id='word_1_246' title='bbox 460 2886 484 2928; x_wconf 93' lang='lat' dir='ltr'><strong>et</strong></span> <span class='ocrx_word' id='word_1_247' title='bbox 504 2877 601 2929; x_wconf 86' lang='lat' dir='ltr'><strong>Ennius</strong></span> <span class='ocrx_word' id='word_1_248' title='bbox 621 2880 670 2930; x_wconf 88' lang='lat' dir='ltr'><strong>ait:</strong></span> <span class='ocrx_word' id='word_1_249' title='bbox 689 2879 783 2930; x_wconf 88' lang='lat' dir='ltr'><strong>Poeni&#39;</strong></span> <span class='ocrx_word' id='word_1_250' title='bbox 808 2895 831 2928; x_wconf 90' lang='lat' dir='ltr'><strong>e.</strong></span> <span class='ocrx_word' id='word_1_251' title='bbox 845 2895 870 2942; x_wconf 88' lang='lat' dir='ltr'><strong>q.</strong></span> <span class='ocrx_word' id='word_1_252' title='bbox 886 2894 909 2927; x_wconf 87' lang='lat' dir='ltr'><strong>s.</strong></span> <span class='ocrx_word' id='word_1_253' title='bbox 940 2876 1035 2928; x_wconf 82' lang='lat' dir='ltr'><strong>Paulus</strong></span> <span class='ocrx_word' id='word_1_254' title='bbox 1047 2892 1073 2943; x_wconf 91' lang='lat' dir='ltr'><strong>p.</strong></span> <span class='ocrx_word' id='word_1_255' title='bbox 1086 2875 1137 2928; x_wconf 81' lang='lat'><strong>248</strong></span> <span class='ocrx_word' id='word_1_256' title='bbox 1150 2875 1183 2928; x_wconf 83' lang='lat' dir='ltr'><strong>tt.</strong></span> 
     </span>
    </p>
   </div>
   <div class='ocr_carea' id='block_1_5' title="bbox 68 3061 1243 3565">
    <p class='ocr_par' dir='ltr' id='par_1_7' title="bbox 68 3061 1243 3565">
     <span class='ocr_line' id='line_1_29' title="bbox 111 3061 1184 3141; baseline -0.002 -17"><span class='ocrx_word' id='word_1_257' title='bbox 111 3067 169 3124; x_wconf 75' lang='lat'><strong>272</strong></span> <span class='ocrx_word' id='word_1_258' title='bbox 189 3065 292 3120; x_wconf 90' lang='lat' dir='ltr'><strong>tollitur</strong></span> <span class='ocrx_word' id='word_1_259' title='bbox 308 3061 420 3136; x_wconf 76' lang='lat' dir='ltr'><strong>lupum</strong></span> <span class='ocrx_word' id='word_1_260' title='bbox 430 3065 569 3137; x_wconf 77' lang='lat' dir='ltr'><strong>plerique.</strong></span> <span class='ocrx_word' id='word_1_261' title='bbox 599 3068 742 3138; x_wconf 92' lang='lat' dir='ltr'><strong>repellitur</strong></span> <span class='ocrx_word' id='word_1_262' title='bbox 755 3066 869 3141; x_wconf 72' lang='lat' dir='ltr'><strong>repom</strong></span> <span class='ocrx_word' id='word_1_263' title='bbox 884 3071 911 3127; x_wconf 81' lang='grc'><strong>9.</strong></span> <span class='ocrx_word' id='word_1_264' title='bbox 934 3069 1053 3126; x_wconf 90' lang='lat' dir='ltr'><strong>bellatur</strong></span> <span class='ocrx_word' id='word_1_265' title='bbox 1068 3065 1184 3124; x_wconf 84' lang='lat' dir='ltr'><strong>Helmst.</strong></span> 
     </span>
     <span class='ocr_line' id='line_1_30' title="bbox 68 3147 1184 3225; baseline 0.001 -20"><span class='ocrx_word' id='word_1_266' title='bbox 68 3167 123 3221; x_wconf 84' lang='lat' dir='ltr'><strong>pro</strong></span> <span class='ocrx_word' id='word_1_267' title='bbox 137 3147 217 3204; x_wconf 84' lang='lat' dir='ltr'><strong>Mer.</strong></span> <span class='ocrx_word' id='word_1_268' title='bbox 304 3149 423 3218; x_wconf 90' lang='lat' dir='ltr'><strong>sapienti</strong></span> <span class='ocrx_word' id='word_1_269' title='bbox 452 3149 530 3205; x_wconf 80' lang='lat' dir='ltr'><strong>Voss.</strong></span> <span class='ocrx_word' id='word_1_270' title='bbox 546 3149 625 3206; x_wconf 82' lang='lat' dir='ltr'><strong>Gellii</strong></span> <span class='ocrx_word' id='word_1_271' title='bbox 707 3153 735 3207; x_wconf 92' lang='lat' dir='ltr'><strong>ui</strong></span> <span class='ocrx_word' id='word_1_272' title='bbox 755 3155 860 3225; x_wconf 91' lang='lat' dir='ltr'><strong>geritur</strong></span> <span class='ocrx_word' id='word_1_273' title='bbox 878 3167 942 3208; x_wconf 88' lang='lat' dir='ltr'><strong>res:</strong></span> <span class='ocrx_word' id='word_1_274' title='bbox 966 3153 1119 3225; x_wconf 87' lang='lat' dir='ltr'><strong>spernitur]</strong></span> <span class='ocrx_word' id='word_1_275' title='bbox 1142 3153 1184 3208; x_wconf 92' lang='lat' dir='ltr'><strong>ui-</strong></span> 
     </span>
     <span class='ocr_line' id='line_1_31' title="bbox 73 3233 1183 3310; baseline 0.003 -22"><span class='ocrx_word' id='word_1_276' title='bbox 73 3235 133 3306; x_wconf 86' lang='lat' dir='ltr'><strong>geri</strong></span> <span class='ocrx_word' id='word_1_277' title='bbox 152 3239 241 3288; x_wconf 90' lang='lat' dir='ltr'><strong>torres</strong></span> <span class='ocrx_word' id='word_1_278' title='bbox 258 3233 399 3305; x_wconf 87' lang='lat' dir='ltr'><strong>spernitur</strong></span> <span class='ocrx_word' id='word_1_279' title='bbox 413 3233 502 3306; x_wconf 78' lang='lat' dir='ltr'><strong>Lupd.</strong></span> <span class='ocrx_word' id='word_1_280' title='bbox 519 3233 598 3290; x_wconf 80' lang='lat' dir='ltr'><strong>Gellii</strong></span> <span class='ocrx_word' id='word_1_281' title='bbox 630 3235 741 3292; x_wconf 91' lang='lat' dir='ltr'><strong>uidetur</strong></span> <span class='ocrx_word' id='word_1_282' title='bbox 755 3239 895 3309; x_wconf 89' lang='lat' dir='ltr'><strong>respuitur</strong></span> <span class='ocrx_word' id='word_1_283' title='bbox 903 3254 962 3310; x_wconf 82' lang='lat' dir='ltr'><strong>pro</strong></span> <span class='ocrx_word' id='word_1_284' title='bbox 975 3237 1053 3294; x_wconf 79' lang='lat' dir='ltr'><strong><em>Mur.</em></strong></span> <span class='ocrx_word' id='word_1_285' title='bbox 1069 3237 1183 3292; x_wconf 77' lang='lat' dir='ltr'><strong>Heletst.</strong></span> 
     </span>
     <span class='ocr_line' id='line_1_32' title="bbox 73 3318 1185 3392; baseline 0.001 -19"><span class='ocrx_word' id='word_1_286' title='bbox 73 3321 137 3391; x_wconf 78' lang='lat' dir='ltr'><strong>utiq.</strong></span> <span class='ocrx_word' id='word_1_287' title='bbox 160 3318 240 3374; x_wconf 84' lang='lat' dir='ltr'><strong>codd.</strong></span> <span class='ocrx_word' id='word_1_288' title='bbox 262 3319 376 3390; x_wconf 75' lang='lat' dir='ltr'><strong>Lopom</strong></span> <span class='ocrx_word' id='word_1_289' title='bbox 405 3318 515 3373; x_wconf 89' lang='lat' dir='ltr'><strong>uidetur</strong></span> <span class='ocrx_word' id='word_1_290' title='bbox 534 3322 629 3391; x_wconf 92' lang='lat' dir='ltr'><strong>respui</strong></span> <span class='ocrx_word' id='word_1_291' title='bbox 657 3322 796 3392; x_wconf 90' lang='lat' dir='ltr'><strong>spernitur</strong></span> <span class='ocrx_word' id='word_1_292' title='bbox 824 3321 1185 3378; x_wconf 64' lang='lat' dir='ltr'><strong>Summemmianae</strong></span> 
     </span>
     <span class='ocr_line' id='line_1_33' title="bbox 73 3401 1185 3480; baseline 0.004 -24"><span class='ocrx_word' id='word_1_293' title='bbox 73 3404 201 3475; x_wconf 89' lang='lat' dir='ltr'><strong>resperni</strong></span> <span class='ocrx_word' id='word_1_294' title='bbox 212 3404 272 3459; x_wconf 80' lang='lat' dir='ltr'><strong>siue</strong></span> <span class='ocrx_word' id='word_1_295' title='bbox 283 3401 393 3458; x_wconf 88' lang='lat' dir='ltr'><strong>uidetur</strong></span> <span class='ocrx_word' id='word_1_296' title='bbox 403 3401 438 3456; x_wconf 89' lang='lat' dir='ltr'><strong>R.</strong></span> <span class='ocrx_word' id='word_1_297' title='bbox 449 3419 478 3473; x_wconf 94' lang='lat' dir='ltr'><strong>p.</strong></span> <span class='ocrx_word' id='word_1_298' title='bbox 492 3405 631 3474; x_wconf 87' lang='lat' dir='ltr'><strong>spernitur</strong></span> <span class='ocrx_word' id='word_1_299' title='bbox 641 3407 727 3460; x_wconf 78' lang='lat' dir='ltr'><strong>ceteri</strong></span> <span class='ocrx_word' id='word_1_300' title='bbox 735 3407 815 3462; x_wconf 82' lang='lat' dir='ltr'><strong>codd.</strong></span> <span class='ocrx_word' id='word_1_301' title='bbox 828 3406 940 3480; x_wconf 82' lang='lat' dir='ltr'><strong>Lapom.</strong></span> <span class='ocrx_word' id='word_1_302' title='bbox 1032 3407 1085 3467; x_wconf 70' lang='lat'><strong>273</strong></span> <span class='ocrx_word' id='word_1_303' title='bbox 1100 3409 1185 3461; x_wconf 61' lang='lat' dir='ltr'><strong>aime-</strong></span> 
     </span>
     <span class='ocr_line' id='line_1_34' title="bbox 74 3481 1243 3565; baseline 0.003 -24"><span class='ocrx_word' id='word_1_304' title='bbox 74 3493 113 3543; x_wconf 92' lang='lat' dir='ltr'><strong>tur</strong></span> <span class='ocrx_word' id='word_1_305' title='bbox 138 3487 238 3544; x_wconf 82' lang='lat' dir='ltr'><strong>Peleu.</strong></span> <span class='ocrx_word' id='word_1_306' title='bbox 265 3481 332 3543; x_wconf 69' lang='lat' dir='ltr'><strong>anast</strong></span> <span class='ocrx_word' id='word_1_307' title='bbox 357 3487 446 3560; x_wconf 80' lang='lat' dir='ltr'><strong>Lupd.</strong></span> <span class='ocrx_word' id='word_1_308' title='bbox 469 3486 548 3543; x_wconf 83' lang='lat' dir='ltr'><strong>Gellii</strong></span> <span class='ocrx_word' id='word_1_309' title='bbox 651 3492 704 3548; x_wconf 77' lang='lat' dir='ltr'><strong>att</strong></span> <span class='ocrx_word' id='word_1_310' title='bbox 732 3489 800 3546; x_wconf 89' lang='lat' dir='ltr'><strong>haut</strong></span> <span class='ocrx_word' id='word_1_311' title='bbox 826 3491 896 3565; x_wconf 71' lang='lat' dir='ltr'><strong>nep.</strong></span> <span class='ocrx_word' id='word_1_312' title='bbox 923 3490 1012 3563; x_wconf 73' lang='lat' dir='ltr'><strong>Lupe.</strong></span> <span class='ocrx_word' id='word_1_313' title='bbox 1037 3489 1114 3546; x_wconf 88' lang='lat' dir='ltr'><strong>haud</strong></span> <span class='ocrx_word' id='word_1_314' title='bbox 1139 3505 1184 3544; x_wconf 89' lang='lat' dir='ltr'><strong>ee·</strong></span> <span class='ocrx_word' id='word_1_315' title='bbox 1239 3533 1243 3538; x_wconf 88' lang='lat'><em>.</em></span> 
     </span>
    </p>
   </div>
   <div class='ocr_carea' id='block_1_6' title="bbox 74 3577 1185 4345">
    <p class='ocr_par' dir='ltr' id='par_1_8' title="bbox 74 3577 1185 3837">
     <span class='ocr_line' id='line_1_35' title="bbox 74 3577 1184 3670; baseline 0 -22"><span class='ocrx_word' id='word_1_316' title='bbox 74 3597 126 3648; x_wconf 87' lang='lat' dir='ltr'><strong>teri</strong></span> <span class='ocrx_word' id='word_1_317' title='bbox 212 3591 265 3648; x_wconf 91' lang='lat' dir='ltr'><strong>sed</strong></span> <span class='ocrx_word' id='word_1_318' title='bbox 285 3592 426 3649; x_wconf 81' lang='lat' dir='ltr'><strong>Columna.</strong></span> <span class='ocrx_word' id='word_1_319' title='bbox 449 3609 501 3649; x_wconf 89' lang='lat' dir='ltr'><strong>nec</strong></span> <span class='ocrx_word' id='word_1_320' title='bbox 522 3593 586 3651; x_wconf 85' lang='lat' dir='ltr'><strong>libri</strong></span> <span class='ocrx_word' id='word_1_321' title='bbox 600 3596 654 3652; x_wconf 69' lang='lat' dir='ltr'><strong>ntsr&#39;</strong></span> <span class='ocrx_word' id='word_1_322' title='bbox 666 3595 741 3668; x_wconf 81' lang='lat' dir='ltr'><strong>quod</strong></span> <span class='ocrx_word' id='word_1_323' title='bbox 768 3577 786 3650; x_wconf 87' lang='lat' dir='ltr'><strong>ri</strong></span> <span class='ocrx_word' id='word_1_324' title='bbox 814 3596 903 3670; x_wconf 61' lang='lat' dir='ltr'><strong>Lupe</strong></span> <span class='ocrx_word' id='word_1_325' title='bbox 1014 3598 1067 3654; x_wconf 75' lang='lat'><strong>275</strong></span> <span class='ocrx_word' id='word_1_326' title='bbox 1094 3595 1184 3649; x_wconf 87' lang='lat' dir='ltr'><strong>inimi-</strong></span> 
     </span>
     <span class='ocr_line' id='line_1_36' title="bbox 75 3676 1185 3752; baseline 0.003 -22"><span class='ocrx_word' id='word_1_327' title='bbox 75 3679 168 3733; x_wconf 86' lang='lat' dir='ltr'><strong>citiam</strong></span> <span class='ocrx_word' id='word_1_328' title='bbox 188 3677 261 3732; x_wconf 78' lang='lat' dir='ltr'><strong>libm&#39;.</strong></span> <span class='ocrx_word' id='word_1_329' title='bbox 292 3676 449 3732; x_wconf 89' lang='lat' dir='ltr'><strong>inimicitias</strong></span> <span class='ocrx_word' id='word_1_330' title='bbox 469 3678 551 3752; x_wconf 73' lang='lat' dir='ltr'><strong>culpo</strong></span> <span class='ocrx_word' id='word_1_331' title='bbox 657 3683 710 3740; x_wconf 69' lang='lat'><strong>276</strong></span> <span class='ocrx_word' id='word_1_332' title='bbox 731 3698 767 3735; x_wconf 83' lang='lat' dir='ltr'><strong>ex</strong></span> <span class='ocrx_word' id='word_1_333' title='bbox 780 3698 825 3736; x_wconf 91' lang='lat' dir='ltr'><strong>me</strong></span> <span class='ocrx_word' id='word_1_334' title='bbox 846 3683 906 3737; x_wconf 91' lang='lat' dir='ltr'><strong>iure</strong></span> <span class='ocrx_word' id='word_1_335' title='bbox 927 3679 1014 3752; x_wconf 71' lang='lat' dir='ltr'><strong>bapti.</strong></span> <span class='ocrx_word' id='word_1_336' title='bbox 1100 3695 1185 3734; x_wconf 90' lang='lat' dir='ltr'><strong>manu</strong></span> 
     </span>
     <span class='ocr_line' id='line_1_37' title="bbox 76 3760 1098 3837; baseline 0.007 -21"><span class='ocrx_word' id='word_1_337' title='bbox 76 3761 155 3817; x_wconf 82' lang='lat' dir='ltr'><strong>Gellii</strong></span> <span class='ocrx_word' id='word_1_338' title='bbox 173 3761 244 3833; x_wconf 77' lang='lat' dir='ltr'><strong>Rep.</strong></span> <span class='ocrx_word' id='word_1_339' title='bbox 266 3760 344 3817; x_wconf 80' lang='lat' dir='ltr'><strong>Voss.</strong></span> <span class='ocrx_word' id='word_1_340' title='bbox 368 3760 457 3834; x_wconf 78' lang='lat' dir='ltr'><strong>Lepci.</strong></span> <span class='ocrx_word' id='word_1_341' title='bbox 477 3760 608 3836; x_wconf 77' lang='lat' dir='ltr'><strong>Mapiiob.</strong></span> <span class='ocrx_word' id='word_1_342' title='bbox 627 3780 685 3836; x_wconf 81' lang='lat' dir='ltr'><strong>pro</strong></span> <span class='ocrx_word' id='word_1_343' title='bbox 703 3763 781 3821; x_wconf 82' lang='lat' dir='ltr'><strong>Mar.</strong></span> <span class='ocrx_word' id='word_1_344' title='bbox 805 3765 905 3822; x_wconf 80' lang='lat' dir='ltr'><strong>Sab‘sb.</strong></span> <span class='ocrx_word' id='word_1_345' title='bbox 927 3765 1039 3837; x_wconf 81' lang='lat' dir='ltr'><strong>Lepom·</strong></span> <span class='ocrx_word' id='word_1_346' title='bbox 1063 3766 1098 3823; x_wconf 82' lang='lat'><strong>65</strong></span> 
     </span>
    </p>

    <p class='ocr_par' dir='ltr' id='par_1_9' title="bbox 74 3845 1183 4345">
     <span class='ocr_line' id='line_1_38' title="bbox 74 3845 1183 3918; baseline 0.003 -18"><span class='ocrx_word' id='word_1_347' title='bbox 74 3846 181 3902; x_wconf 82' lang='lat' dir='ltr'><strong>Eodem</strong></span> <span class='ocrx_word' id='word_1_348' title='bbox 201 3847 271 3902; x_wconf 80' lang='lat' dir='ltr'><strong>iuris</strong></span> <span class='ocrx_word' id='word_1_349' title='bbox 287 3845 411 3916; x_wconf 79' lang='lat' dir='ltr'><strong>formula</strong></span> <span class='ocrx_word' id='word_1_350' title='bbox 432 3851 545 3904; x_wconf 74' lang='lat' dir='ltr'><strong>manner</strong></span> <span class='ocrx_word' id='word_1_351' title='bbox 566 3847 658 3906; x_wconf 85' lang='lat' dir='ltr'><strong>Varro</strong></span> <span class='ocrx_word' id='word_1_352' title='bbox 678 3849 804 3904; x_wconf 73' lang='lat' dir='ltr'><strong>deM.</strong></span> <span class='ocrx_word' id='word_1_353' title='bbox 834 3848 876 3906; x_wconf 85' lang='lat' dir='ltr'><strong>VI</strong></span> <span class='ocrx_word' id='word_1_354' title='bbox 888 3855 923 3910; x_wconf 80' lang='lat'><strong>64</strong></span> <span class='ocrx_word' id='word_1_355' title='bbox 949 3848 991 3904; x_wconf 89' lang='lat' dir='ltr'><strong>M.</strong></span> <span class='ocrx_word' id='word_1_356' title='bbox 1012 3847 1106 3906; x_wconf 71' lang='lat' dir='ltr'><strong>eicere</strong></span> <span class='ocrx_word' id='word_1_357' title='bbox 1126 3863 1183 3918; x_wconf 83' lang='lat' dir='ltr'><strong>pro</strong></span> 
     </span>
     <span class='ocr_line' id='line_1_39' title="bbox 75 3928 1182 4006; baseline 0.004 -22"><span class='ocrx_word' id='word_1_358' title='bbox 75 3928 151 3986; x_wconf 84' lang='lat' dir='ltr'><strong>Mur.</strong></span> <span class='ocrx_word' id='word_1_359' title='bbox 167 3935 210 3997; x_wconf 77' lang='lat'><strong>12,</strong></span> <span class='ocrx_word' id='word_1_360' title='bbox 227 3934 271 3990; x_wconf 70' lang='lat'><strong>26.</strong></span> <span class='ocrx_word' id='word_1_361' title='bbox 291 3930 326 3986; x_wconf 84' lang='lat' dir='ltr'><strong>de</strong></span> <span class='ocrx_word' id='word_1_362' title='bbox 339 3935 410 3986; x_wconf 86' lang='lat' dir='ltr'><strong>orat.</strong></span> <span class='ocrx_word' id='word_1_363' title='bbox 426 3929 446 3985; x_wconf 89' lang='lat' dir='ltr'><em>I</em></span> <span class='ocrx_word' id='word_1_364' title='bbox 458 3938 500 3998; x_wconf 89' lang='lat'><strong>10,</strong></span> <span class='ocrx_word' id='word_1_365' title='bbox 512 3936 545 3990; x_wconf 79' lang='lat' dir='ltr'><strong>tr</strong></span> <span class='ocrx_word' id='word_1_366' title='bbox 565 3933 642 3992; x_wconf 80' lang='lat' dir='ltr'><strong>libris</strong></span> <span class='ocrx_word' id='word_1_367' title='bbox 660 3935 690 3988; x_wconf 83' lang='lat' dir='ltr'><strong>in</strong></span> <span class='ocrx_word' id='word_1_368' title='bbox 703 3951 816 3990; x_wconf 89' lang='lat' dir='ltr'><strong>manum</strong></span> <span class='ocrx_word' id='word_1_369' title='bbox 833 3939 862 3990; x_wconf 85' lang='lat' dir='ltr'><strong>et</strong></span> <span class='ocrx_word' id='word_1_370' title='bbox 875 3951 960 3990; x_wconf 90' lang='lat' dir='ltr'><strong>manu</strong></span> <span class='ocrx_word' id='word_1_371' title='bbox 974 3933 1074 4006; x_wconf 67' lang='lat' dir='ltr'><strong>formai</strong></span> <span class='ocrx_word' id='word_1_372' title='bbox 1090 3931 1182 3988; x_wconf 78' lang='lat' dir='ltr'><strong>diuer-</strong></span> 
     </span>
     <span class='ocr_line' id='line_1_40' title="bbox 74 4014 1182 4090; baseline 0.002 -22"><span class='ocrx_word' id='word_1_373' title='bbox 74 4014 196 4084; x_wconf 80' lang='lat' dir='ltr'><strong>pentibus</strong></span> <span class='ocrx_word' id='word_1_374' title='bbox 280 4014 371 4086; x_wconf 90' lang='lat' dir='ltr'><strong>magis</strong></span> <span class='ocrx_word' id='word_1_375' title='bbox 394 4015 467 4069; x_wconf 87' lang='lat' dir='ltr'><strong>lerro</strong></span> <span class='ocrx_word' id='word_1_376' title='bbox 487 4014 561 4072; x_wconf 76' lang='lat' dir='ltr'><strong>Men.</strong></span> <span class='ocrx_word' id='word_1_377' title='bbox 585 4018 625 4074; x_wconf 87' lang='lat' dir='ltr'><strong>ael</strong></span> <span class='ocrx_word' id='word_1_378' title='bbox 643 4017 715 4089; x_wconf 82' lang='lat' dir='ltr'><strong>scm.</strong></span> <span class='ocrx_word' id='word_1_379' title='bbox 746 4019 838 4090; x_wconf 89' lang='lat' dir='ltr'><strong>magis</strong></span> <span class='ocrx_word' id='word_1_380' title='bbox 858 4036 952 4074; x_wconf 90' lang='lat' dir='ltr'><strong>errore</strong></span> <span class='ocrx_word' id='word_1_381' title='bbox 974 4017 1037 4073; x_wconf 86' lang='lat' dir='ltr'><strong>libri</strong></span> <span class='ocrx_word' id='word_1_382' title='bbox 1058 4015 1182 4072; x_wconf 83' lang='lat' dir='ltr'><strong>Gelliuni.</strong></span> 
     </span>
     <span class='ocr_line' id='line_1_41' title="bbox 76 4097 1182 4173; baseline 0.002 -21"><span class='ocrx_word' id='word_1_383' title='bbox 76 4099 164 4170; x_wconf 89' lang='lat' dir='ltr'><strong>magis</strong></span> <span class='ocrx_word' id='word_1_384' title='bbox 188 4114 241 4153; x_wconf 89' lang='lat' dir='ltr'><strong>om.</strong></span> <span class='ocrx_word' id='word_1_385' title='bbox 266 4097 321 4155; x_wconf 85' lang='lat' dir='ltr'><strong>Cic.</strong></span> <span class='ocrx_word' id='word_1_386' title='bbox 339 4115 397 4172; x_wconf 83' lang='lat' dir='ltr'><strong>pro</strong></span> <span class='ocrx_word' id='word_1_387' title='bbox 418 4098 496 4156; x_wconf 84' lang='lat' dir='ltr'><strong>Mur.</strong></span> <span class='ocrx_word' id='word_1_388' title='bbox 599 4104 650 4160; x_wconf 80' lang='lat' dir='ltr'><strong>stt</strong></span> <span class='ocrx_word' id='word_1_389' title='bbox 681 4104 722 4158; x_wconf 89' lang='lat' dir='ltr'><strong>rei</strong></span> <span class='ocrx_word' id='word_1_390' title='bbox 743 4108 871 4173; x_wconf 91' lang='lat' dir='ltr'><strong>repetunt</strong></span> <span class='ocrx_word' id='word_1_391' title='bbox 893 4098 1182 4160; x_wconf 63' lang='lat' dir='ltr'><strong>cessissemusne.</strong></span> 
     </span>
     <span class='ocr_line' id='line_1_42' title="bbox 76 4179 1183 4256; baseline 0.002 -20"><span class='ocrx_word' id='word_1_392' title='bbox 76 4179 205 4255; x_wconf 79' lang='lat' dir='ltr'><strong>Mopliob.</strong></span> <span class='ocrx_word' id='word_1_393' title='bbox 234 4181 659 4256; x_wconf 77' lang='lat' dir='ltr'><strong>reipetuntRep.L1tpd.Geilii</strong></span> <span class='ocrx_word' id='word_1_394' title='bbox 743 4187 863 4244; x_wconf 86' lang='lat' dir='ltr'><strong>solidaui</strong></span> <span class='ocrx_word' id='word_1_395' title='bbox 891 4188 968 4244; x_wconf 81' lang='lat' dir='ltr'><strong>Voss.</strong></span> <span class='ocrx_word' id='word_1_396' title='bbox 980 4185 1078 4242; x_wconf 76' lang='lat' dir='ltr'><strong>Petam.</strong></span> <span class='ocrx_word' id='word_1_397' title='bbox 1101 4186 1183 4240; x_wconf 90' lang='lat' dir='ltr'><strong>solita</strong></span> 
     </span>
     <span class='ocr_line' id='line_1_43' title="bbox 77 4265 1182 4345; baseline 0.007 -25"><span class='ocrx_word' id='word_1_398' title='bbox 77 4265 167 4323; x_wconf 86' lang='lat' dir='ltr'><strong>iocum</strong></span> <span class='ocrx_word' id='word_1_399' title='bbox 181 4265 269 4340; x_wconf 76' lang='lat' dir='ltr'><strong>Lepti.</strong></span> <span class='ocrx_word' id='word_1_400' title='bbox 291 4268 373 4325; x_wconf 85' lang='lat' dir='ltr'><strong>solita</strong></span> <span class='ocrx_word' id='word_1_401' title='bbox 386 4268 480 4326; x_wconf 88' lang='lat' dir='ltr'><strong>uicum</strong></span> <span class='ocrx_word' id='word_1_402' title='bbox 496 4268 567 4344; x_wconf 76' lang='lat' dir='ltr'><strong>Rep.</strong></span> <span class='ocrx_word' id='word_1_403' title='bbox 583 4271 646 4328; x_wconf 83' lang='lat' dir='ltr'><strong>uide</strong></span> <span class='ocrx_word' id='word_1_404' title='bbox 658 4285 747 4345; x_wconf 81' lang='lat' dir='ltr'><strong>supro</strong></span> <span class='ocrx_word' id='word_1_405' title='bbox 853 4275 906 4332; x_wconf 77' lang='lat'><strong>278</strong></span> <span class='ocrx_word' id='word_1_406' title='bbox 925 4271 1011 4328; x_wconf 89' lang='lat' dir='ltr'><strong>Poeni</strong></span> <span class='ocrx_word' id='word_1_407' title='bbox 1026 4286 1093 4328; x_wconf 90' lang='lat' dir='ltr'><strong>suos</strong></span> <span class='ocrx_word' id='word_1_408' title='bbox 1108 4269 1182 4328; x_wconf 89' lang='lat' dir='ltr'><strong>soliti</strong></span> 
     </span>
    </p>
   </div>
   <div class='ocr_carea' id='block_1_7' title="bbox 0 0 1380 4944">
    <p class='ocr_par' dir='ltr' id='par_1_10' title="bbox 0 0 1380 4944">
     <span class='ocr_line' id='line_1_44' title="bbox 0 0 1380 4944; baseline 0 0"><span class='ocrx_word' id='word_1_409' title='bbox 0 0 1380 4944; x_wconf 95' lang='lat' dir='ltr'><strong> </strong></span> 
     </span>
    </p>
   </div>
  </div>
 </body>
</html>
