2752 4944
505 403 558 458 EN
567 405 732 462 ΝΙΑΝΑΕ
1030 421 1171 472 mnu

49 585 110 637 qua
129 569 245 638 parnas
269 568 400 638 ίηεὶρηεηι
423 569 531 625 traam
554 573 670 643 adepttta
694 575 814 630 Lucilius
831 593 874 616 -·-
890 609 933 618 —-
954 579 1069 636 erudibit
1089 583 1117 636 in
1138 597 1170 638 eo

48 674 129 726 mira
164 677 191 727 et
218 672 329 728 libertas
355 677 436 744 atquc
460 676 524 730 bade
550 677 687 733 acerbitas
713 687 739 734 el
766 681 874 737 abunde
896 685 973 738 salas.
1022 683 1109 742 Malta
1130 695 1170 744 est

49 781 159 833 tersior
185 795 221 834 ac
248 793 341 851 panas
362 782 456 851 mapa
482 780 617 838 Horatius
642 790 667 838 et
697 787 737 840 ad
756 788 891 844 notandos
913 787 1051 846 bominum
1079 807 1170 850 moret

42 887 238 955 praeceperas.
297 883 414 940 Multam
442 891 469 941 ct
495 903 582 943 acrae
615 891 721 961 alariae
744 893 870 962 wamba
893 910 947 948 aaa
968 895 1036 952 libro
1054 897 1169 954 Persius

48 992 159 1044 meruit
182 1022 226 1030 —
250 992 366 1047 alteram
394 992 462 1047 illua
486 995 566 1048 eliam
594 997 677 1066 prius
698 1001 813 1052 saturae
831 1011 934 1068 penas,
962 1000 1014 1054 scd
1033 1017 1088 1056 aon
1109 1003 1168 1060 sola

48 1096 213 1150 carminum
243 1099 376 1151 aamettac
395 1100 510 1153 metatam
535 1101 654 1154 condidit
677 1101 821 1156 Terentius
848 1102 940 1158 Varro
961 1107 1008 1160 air
1027 1105 1166 1165 Romano-

48 1217 115 1253 rum
137 1201 346 1258 ermlitissimas.
399 1196 434 1255 Ni
471 1201 571 1258 mirum
603 1201 697 1261 altero
727 1200 778 1260 illo
811 1201 896 1261 etiam
928 1205 1026 1281 priore
1052 1217 1168 1268 saturae

47 1319 170 1377 genere
191 1302 347 1362 Ennianam
369 1302 547 1366 hauddubie
568 1314 692 1366 saturam
714 1307 872 1383 significat:
896 1309 942 1368 cui
965 1327 1030 1370 cunr
1052 1321 1165 1372 cetero·

47 1409 121 1485 quin
138 1409 295 1486 persimilis
308 1418 389 1469 esset
402 1409 594 1486 Varroniano,
609 1429 646 1471 eo
658 1412 782 1473 distabat
797 1413 875 1490 quod
893 1421 922 1472 ct
940 1414 1063 1476 solutam
1082 1415 1165 1478 simul

48 1525 78 1574 et
106 1516 201 1575 uariis
220 1515 392 1575 carminibus
409 1516 531 1575 uinctam
548 1517 707 1576 orationem
721 1519 970 1596 repraesentabat.
1015 1520 1074 1579 Sed
1094 1520 1164 1582 doc·

47 1625 109 1682 tior
142 1623 217 1682 haec
242 1622 420 1681 varroniana
442 1638 477 1679 ac
502 1621 707 1700 multipliciore
734 1623 854 1682 forsitan
881 1633 1051 1701 argumento
1081 1643 1165 1703 quara

48 1729 186 1790 Enniana
217 1729 318 1788 luerit:
350 1726 512 1804 aequalium
543 1737 637 1788 autem
668 1729 844 1789 cauillationi
871 1731 1036 1810 acriorique
1055 1747 1165 1791 morunt

49 1853 201 1896 censurae
233 1841 363 1892 neutram
394 1833 532 1910 insignius
566 1833 691 1893 deditam
721 1836 916 1894 existimarim.
975 1835 1008 1895 ln
1034 1825 1098 1915 'qua
1131 1854 1163 1896 re

49 1944 250 2020 principatum
273 1941 383 2000 obtinet
403 1939 546 2013 Lucilius,
570 1938 646 1998 unde
666 1945 773 2016 potitae
796 1941 844 2018 qui
867 1949 971 2018 postea
992 1943 1022 2000 in
1039 1941 1096 2002 boo
1110 1961 1162 2019 ge·

49 2066 125 2107 nere
152 2048 305 2121 claruere,
336 2046 466 2105 colorem
492 2042 633 2123 quendam
661 2061 696 2102 ac
723 2061 849 2104 normam
876 2048 1014 2106 materiae
1040 2064 1163 2124 recepe·

49 2162 129 2211 runt.
176 2150 287 2224 Quibus
311 2170 374 2210 cum
396 2151 446 2210 iile
469 2152 509 2209 uti
532 2149 590 2207 dixi
613 2149 698 2207 etiam
719 2149 954 2210 hexametrorum
975 2169 1057 2210 usum
1080 2169 1163 2228 prae-

49 2259 173 2332 iuisset,
199 2257 266 2315 inde
293 2273 349 2316 non
379 2257 479 2314 iniuria
504 2253 639 2312 Horatius
661 2254 738 2330 (Sat.
763 2253 775 2312 l
802 2255 856 2329 10,
879 2253 935 2334 48)
965 2258 1027 2315 eins
1049 2265 1164 2316 saturae

48 2381 140 2440 quam
164 2363 277 2439 etipse
299 2362 389 2421 coluit
410 2369 439 2419 et
459 2360 576 2419 Persius
600 2377 634 2418 ac
656 2358 800 2420 iuuenalis
823 2362 1003 2422 inuentorem
1024 2362 1162 2422 Lucilium

48 2467 231 2546 adpellant,
251 2468 333 2525 cuius
355 2477 450 2527 tamen
469 2465 582 2544 poesim
604 2463 740 2523 falluntur
761 2467 786 2524 si
809 2468 856 2544 qui
878 2483 990 2543 genere
1009 2484 1044 2525 ac
1063 2476 1164 2526 natura
1205 2531 1218 2545 ‚

48 2573 85 2632 ab
112 2571 199 2630 Ennii
222 2581 317 2630 satura
341 2571 448 2630 distare
469 2568 658 2628 arbitrentur:
678 2571 761 2629 immo
783 2588 884 2632 omnes
908 2573 956 2650 qui
979 2572 1006 2630 in
1033 2571 1078 2630 bis
1101 2590 1163 2632 car·

47 2675 177 2736 minibus
194 2675 379 2736 elaborarunt
399 2681 506 2754 poetae
529 2674 650 2733 Romani
670 2675 706 2734 ab
728 2675 821 2735 Ennio
850 2676 885 2736 ad
906 2675 1071 2736 quenalem
1092 2683 1163 2754 pott-

47 2782 104 2838 sim
129 2797 182 2838 sua
203 2789 302 2840 natura
331 2801 415 2842 unam
440 2781 557 2856 ingenio
585 2787 680 2839 autern
704 2788 853 2858 poetarum
878 2783 1013 2842 uariatam
1036 2799 1107 2859 prae
1130 2799 1164 2841 se

48 2887 159 2945 ierunt.
207 2886 270 2960 Qua
294 2905 325 2945 re
345 2885 481 2945 Horatius
509 2883 585 2960 (Sat.
612 2884 624 2942 l
653 2885 708 2960 10,
737 2887 793 2966 66)
824 2907 888 2948 cum
915 2887 1035 2948 Graecis
1064 2885 1162 2944 intacti

49 2995 189 3054 carminis
218 3001 365 3053 auctorem
394 2991 492 3051 laudet
523 2989 644 3048 Enniam
675 2991 813 3067 (Ennium
834 2995 909 3053 enim
931 2991 970 3051 ibi
991 3009 1061 3066 nec,
1086 2990 1163 3068 quod

51 3107 121 3176 post
150 3098 224 3157 alios
247 3094 280 3156 G.
306 3095 338 3155 F.
361 3096 539 3156 Hermannus
562 3112 662 3174 progr.
691 3097 772 3156 acad.
795 3094 887 3156 blarb.
915 3095 991 3157 1841
1017 3095 1161 3170 narrabat,

49 3203 193 3263 Lucilium
216 3204 272 3264 dici
301 3204 421 3281 propius
450 3201 539 3262 uerba
565 3210 673 3281 poetae
697 3203 814 3261 intuitus
845 3203 1003 3281 concedet)
1037 3220 1093 3262 nec
1115 3221 1161 3262 se·

51 3329 119 3368 cum
148 3309 212 3387 ipse
242 3317 364 3388 pugnat,
394 3309 442 3386 qui
471 3309 600 3368 eiusdem
625 3317 740 3367 saturae
760 3309 939 3367 inuentorem
960 3307 1098 3368 Lucilium
1120 3308 1161 3367 li·

50 3416 145 3489 xerit‚
172 3432 227 3473 nec
249 3434 264 3474 a
286 3417 329 3473 rei
351 3416 473 3473 ueritate
492 3413 639 3474 abhorret.

140 3517 202 3578 Nisi
222 3521 286 3597 quis
308 3519 374 3578 ideo
390 3519 557 3578 translatam
572 3537 587 3578 a
604 3517 724 3578 Graecis
743 3525 869 3576 saturam
886 3517 1066 3593 existimarit,
1084 3519 1162 3595 quob

51 3635 101 3685 ant
122 3624 248 3683 Lucilius
277 3625 434 3683 seueritate
458 3623 650 3684 cauillationis
678 3625 820 3700 antiquam
841 3620 1017 3681 Graecorum
1045 3640 1161 3682 comoe-

52 3732 129 3791 diam
152 3727 326 3788 aemulatur:
351 3738 398 3787 aut
413 3728 522 3789 Ennius
545 3727 752 3805 eGraecorum
775 3726 880 3786 tabulis
902 3727 926 3783 si
949 3727 1017 3804 quid
1036 3737 1160 3789 commo·

52 3837 120 3895 dum
149 3835 296 3894 uideretur
326 3834 451 3892 suumin
471 3853 553 3892 usum
576 3836 732 3893 conuertit:
761 3833 841 3892 uelut
863 3832 975 3909 Aesopi
997 3832 1033 3891 de
1056 3835 1163 3894 cassita

51 3940 182 4001 iabulam
196 3938 302 3998 Latinis
319 3938 452 3997 uersibus
472 3940 619 4016 expressit
640 3937 713 4012 (inc.
736 3947 790 3996 sat.
810 3936 882 4014 lv):
907 3944 993 4013 atque
1012 3954 1075 3996 eam
1098 3955 1161 3997 nar·

52 4045 242 4106 ratiunculam
273 4045 309 4104 de
336 4062 392 4121 qua
420 4045 467 4104 hic
494 4062 597 4103 uersus
620 4043 731 4103 residet
757 4047 851 4103 sabato
879 4047 1017 4118 quondam
1039 4050 1164 4126 mamam

47 4163 170 4228 propter
197 4152 324 4207 adstabat
344 4153 445 4225 plapae
473 4149 545 4224 (inc.
574 4158 627 4207 sat.
648 4148 704 4228 vl)
727 4149 763 4208 ab
779 4146 929 4206 Herodoto
948 4147 1129 4225 deprompsit
1150 4147 1162 4208 l

56 4256 131 4314 141:
151 4246 251 4326 Ἴωνες
280 4250 313 4314 δὲ
340 4251 391 4313 aab
413 4251 546 4328 Αἰολέες,
575 4245 614 4326 ὡς
633 4253 664 4314 oi
681 4251 779 4316 Λυδοὶ
801 4244 921 4331 τάχιστα
943 4243 1162 4333 κατεστράφατο

919 4347 955 4407 f*
