2784 4940
146 369 211 416 v111
579 351 830 412 PRAEFATIO

135 520 323 586 adornatus
350 517 488 606 prodiit,
519 537 602 604 quae
632 524 665 581 et
690 514 764 580 aliis
791 513 978 580 nominibus
999 513 1147 600 requiras
1167 521 1201 578 et
1222 514 1261 578 in

147 660 247 727 opera
264 636 370 725 qualis
389 637 471 702 haec
490 643 541 700 est
560 633 680 700 acerbe
698 631 891 701 desideres?
912 633 976 700 Vel
992 632 1160 716 Ciceroni,
1182 632 1264 698 licet

73 780 86 796 ³
147 756 241 822 multi
264 753 402 820 multum
428 753 541 818 uariae
568 773 666 817 curse
692 750 874 835 attulerint,
902 750 986 816 illud
1006 773 1048 815 ne
1069 750 1167 816 hodie
1189 751 1261 837 qui·

149 875 224 941 dem
248 873 420 961 quisquam
445 871 622 958 praestitit,
656 869 744 957 quod
771 877 848 934 ante
870 871 979 935 omnia
1003 867 1067 934 fuit
1093 878 1261 956 praestan-

150 993 243 1059 dum:
271 966 334 1058 nec
361 1011 400 1056 eo
425 989 528 1054 multo
555 987 672 1054 melius
701 987 805 1054 habiti
832 995 908 1054 sunt
931 1009 949 1052 s
974 983 1262 1074 grammaticomm

148 1111 247 1176 turba
261 1109 454 1198 superstites
472 1115 600 1172 tuntum
614 1127 681 1172 non
698 1125 821 1172 omnes.
857 1103 925 1172 Sed
939 1127 1051 1172 eorum
1066 1108 1262 1194 scriptorum

148 1251 259 1295 rumor
281 1235 337 1294 aut
358 1227 478 1292 certior
498 1225 587 1290 fama
606 1226 731 1312 parari,
763 1223 876 1311 quales
900 1225 1068 1310 significo,
1099 1226 1263 1292 editiones
1389 1212 1391 1219 ’

149 1344 291 1412 ferebat:
321 1365 457 1433 quarum
475 1345 584 1428 dotes,
605 1365 648 1408 ne
669 1342 943 1408 infestinationis
966 1343 1095 1430 culpam
1114 1345 1260 1408 incurre-

149 1485 234 1547 rem,
257 1473 449 1550 exspectare
459 1463 636 1545 debebam,
659 1461 725 1526 nisi
741 1462 933 1547 contigisset
946 1462 1026 1526 mihi
1038 1481 1134 1528 usum
1149 1483 1262 1528 carrum

150 1583 244 1669 quasi
264 1583 461 1668 anticipare.
512 1579 586 1646 Hoc
608 1581 695 1646 anim
723 1579 827 1646 debeo
855 1581 996 1646 eximiae
1018 1581 1262 1648 beniuolentiae

150 1700 357 1784 egregiorum
375 1702 538 1783 uirorum,
572 1701 629 1788 qui
649 1700 979 1786 manuscriptorum,
1011 1721 1092 1788 quos
1114 1699 1264 1787 posside-

150 1825 239 1900 rent,
268 1817 440 1884 thesauros
461 1817 641 1884 liberaliter
662 1817 866 1883 recluserrmt
886 1818 966 1883 mihi
991 1827 1024 1884 et
1042 1819 1151 1884 Ennio
1176 1841 1264 1884 meo.

151 1934 196 2000 Et
216 1935 377 2001 Macrobii
399 1937 530 2025 quidem
552 1935 778 2002 Saturnalibus
803 1945 872 2002 trun
894 1936 1039 2002 nondum
1065 1937 1155 2003 foras
1177 1936 1265 2002 datis

150 2053 355 2120 Lvnovlcvs
371 2055 502 2140 ΗΜ,
532 2077 667 2144 quarum
688 2077 768 2120 usus
790 2055 889 2138 foret,
921 2055 1069 2142 pagellas
1089 2059 1178 2144 typis
1206 2079 1266 2122 ex-

149 2193 279 2260 pressas
309 2174 353 2239 ad
379 2196 432 2240 ma
459 2175 651 2240 transmisit.
694 2174 748 2240 Ad
780 2173 937 2239 Varronis
964 2172 1053 2240 locos
1078 2175 1267 2242 Florentini

151 2291 228 2357 libri
248 2292 359 2358 uarias
378 2293 536 2374 lectiones
555 2293 770 2360 Lnousanvs
790 2291 1011 2358 Srnusnmvs
1033 2315 1077 2360 cx
1098 2315 1145 2377 ea,
1167 2315 1266 2380 quam

152 2409 258 2474 denuo
278 2410 444 2476 Henricus
456 2411 586 2478 Keilius
607 2413 849 2477 accuratissime
870 2409 965 2495 fecit,
986 2411 1170 2478 conlatione
1190 2433 1267 2478 mea

151 2529 258 2612 gratia
284 2532 460 2617 excerpsit.
504 2529 613 2618 Ipsius
640 2537 748 2594 autem
769 2529 892 2594 Kmsn
919 2532 1064 2596 comitati
1097 2541 1265 2620 acceptam

151 2647 277 2732 refero,
305 2670 403 2736 quam
429 2671 447 2714 e
475 2650 637 2714 minorum
664 2648 964 2732 grammaticorum,
996 2648 1153 2735 Charisii,
1183 2649 1277 2714 Dio-¹

151 2764 272 2848 medis,
310 2765 450 2850 Donati,
489 2767 588 2832 Marii
617 2766 796 2850 Victorini,
839 2766 1054 2852 Cassiodorii,
1091 2763 1266 2835 codicibus

152 2885 332 2970 scripturae
364 2885 616 2972 discrepantiam
650 2885 796 2950 exhibui.
851 2885 980 2952 Gellius
1010 2895 1043 2952 et
1074 2889 1267 2953 Priscianus

152 3009 307 3088 quantam
336 3013 463 3088 partem
477 3004 595 3070 ·Ennii
624 3005 836 3091 reliquiarum
864 3005 1048 3089 continent,
1087 3029 1158 3072 eam
1187 3006 1282 3070 mihi-

153 3119 302 3184 codicum
323 3121 426 3207 copiis
438 3121 598 3186 Mirum
610 3122 762 3186 liutran
783 3124 945 3189 instruere
966 3123 1069 3190 licuit.
1112 3124 1143 3188 E
1164 3121 1267 3190 Nouii

152 3237 238 3303 libro
259 3237 513 3325 Bambergensi,
544 3242 636 3306 cuius
666 3242 782 3307 mutila
809 3239 909 3308 hodie
930 3211 1079 3309 ⁴conditio
1106 3244 1266 3330 plurimos

153 3356 255 3420 Ennii
277 3377 405 3444 quoqne
428 3379 543 3424 uersus
565 3359 743 3446 absorpsit,
769 3371 916 3446 tenuem,
946 3383 1044 3450 quam
1065 3361 1112 3436 ad¹
1130 3362 1270 3427 annales

151 3473 346 3561 praebebat,
373 3477 555 3564 scripturae
581 3479 774 3544 uarietatem
796 3477 932 3546 Oinous
954 3480 1090 3546 Hsnun
1119 3481 1271 3566 benigni-

153 3602 219 3658 tate
240 3593 369 3681 aocepi:
403 3615 442 3660 eo
464 3617 544 3662 uero
567 3596 710 3683 largiora
733 3608 766 3664 et
787 3599 1010 3686 splendidiora
1029 3601 1073 3665 ad
1097 3597 1271 3666 Ciceronis

153 3712 242 3777 locos
270 3711 417 3778 subsidia
445 3715 592 3780 eiusdem
612 3715 676 3780 uiri
696 3717 968 3802 praestantissimi
988 3713 1127 3787 eximiae
1149 3717 1269 3782 libera-

153 3829 239 3895 litati
270 3829 440 3918 debentur.
505 3833 633 3916 Quibus
665 3834 827 3900 Anrrnm
861 3835 1102 3902 anoxmsnru
1136 3835 1272 3900 accede-

152 3949 209 4014 bat
241 3949 283 4013 ad
315 3950 472 4018 Catonem
502 3954 659 4018 maiorem
692 3961 868 4040 apparatus
900 3953 1110 4020 lautissimus.
1165 3954 1273 4020 Porro

139 4067 363 4160 ‘Ilbergius
391 4071 426 4134 in
455 4071 572 4137 itinere
601 4071 784 4148 Oassellani
812 4073 934 4140 codicis
963 4073 1071 4142 Seruii
1098 4082 1225 4161 partem
1243 4070 1293 4137 ‘a'

153 4185 300 4271 Berglrio
322 4209 388 4253 non
410 4189 531 4254 editam
552 4180 696 4278 inspexit
716 4192 861 4279 mihique
884 4215 968 4281 quae
993 4192 1045 4258 his
1068 4192 1196 4258 laciniis
1226 4193 1273 4258 sd

154 4303 299 4370 Ennium
336 4306 586 4374 continebantur
623 4295 852 4376 commodauit.
908 4311 1061 4400 Denique
1101 4312 1272 4398 antiquam
