2784 4940
529 321 757 378 ENNIANAE
1105 333 1175 380 va

57 481 104 558 pli
134 499 223 542 causa
246 481 400 560 proposito
428 482 606 542 inlustrauit:
635 495 700 543 trcuc
726 488 839 543 umbros
863 503 981 560 uespera
1004 491 1091 562 coepit
1109 491 1175 546 Am-

54 593 138 659 plius
157 606 298 664 ecuupcre
319 593 422 662 obstipo
443 593 542 648 lumine
564 595 637 650 solis.
681 587 746 661 Quo
766 607 854 648 uersu
877 589 913 648 ab
933 588 984 649 illo
1007 590 1034 647 in
1056 591 1175 650 incertis

57 693 199 769 reposito
225 693 292 752 mihi
314 693 375 751 uisa
394 702 440 752 est
457 694 615 753 adueniens
643 693 696 752 sub
717 712 832 772 pugnae
847 679 959 755 ¹enitum
979 714 1104 774 uespera
1124 697 1173 756 de·

56 799 190 873 signari:
214 798 251 858 cl.
271 798 341 857 Liuii
365 818 448 876 quam
468 817 555 878 supra
578 801 721 877 exscripsi
744 777 946 860 narrationem.

151 902 228 962 Inter
257 923 291 964 ea
317 913 411 964 autem
439 922 513 983 quac
540 903 653 964 cladem
675 902 855 966 Cannensem
880 909 1013 986 proxime
1042 909 1172 968 insecuta

58 1018 129 1067 sunt
153 1009 205 1068 init
228 1011 313 1068 etlam
334 1017 452 1088 utputo
472 1009 543 1068 illud
564 1009 641 1086 quod
659 1009 695 1068 ir.
715 1010 742 1069 V
763 1013 918 1091 indicatur:
943 989 1094 1087 is'pcruas
1108 1033 1169 1072 suc-

58 1119 129 1172 cidit
150 1120 243 1192 iuiquu
267 1121 397 1192 superbio
415 1120 510 1174 Poeni.
555 1111 609 1172 Cui
631 1093 792 1178 memoriae*
810 1136 873 1178 cum
896 1119 964 1179 olim
988 1137 1006 1176 e
1026 1117 1108 1178 Liuio
1131 1117 1172 1176 lu·

59 1239 129 1279 cem
154 1229 288 1298 peterent
310 1219 393 1280 XXII
415 1221 471 1279 51:
500 1224 633 1295 quosdam
664 1231 690 1279 et
715 1228 834 1282 iacentes
852 1231 930 1284 uiuos
950 1231 1065 1285 succisis
1090 1227 1171 1299 somi-

56 1332 143 1385 nibus
162 1332 363 1403 poplitibusque
384 1333 549 1386 inuenerunt
570 1343 597 1382 e.
617 1342 645 1402 q.
669 1344 692 1384 s.
739 1325 794 1401 (ci.
809 1326 875 1386 Val.
893 1328 969 1388 Max.
993 1329 1047 1390 VII
1068 1332 1087 1389 4
1110 1338 1169 1388 ent.

57 1433 117 1510 2),
142 1431 252 1508 liugius
273 1431 490 1491 conuenientius
521 1429 681 1488 sententiae
703 1428 777 1490 hanc
804 1431 914 1492 Valerii
937 1432 1052 1494 Maximi
1073 1453 1170 1495 narra·

58 1539 173 1596 tlonem
195 1539 298 1597 asciuit
319 1536 360 1596 IX
379 1536 398 1595 2
421 1544 480 1594 ext.
505 1533 541 1594 2:
564 1539 707 1594 Hannibal
729 1580 736 1593 .
755 1581 786 1594 ..
808 1544 836 1595 iu
854 1543 967 1616 flumine
981 1544 1058 1599 Gallo
1080 1541 1169 1619 (Ver-

57 1643 158 1719 gello,
176 1641 213 1701 οι.
235 1640 341 1700 Florus
363 1641 376 1700 I
394 1639 434 1698 22
450 1657 478 1717 p.
497 1639 536 1698 37
553 1640 653 1719 Jahn.)
676 1647 837 1717 corporibus
856 1648 988 1731 Romanis
999 1657 1082 1720 ponte
1094 1650 1170 1722 facto

58 1755 217 1807 eccercitum
241 1737 399 1807 trunsclusl'it
421 1791 428 1802 .
450 1790 457 1804 .
478 1791 485 1804 .
507 1751 578 1804 idem
591 1752 722 1830 ¹captiuos
745 1758 853 1808 nostros
874 1753 1002 1808 oneribus
1025 1759 1050 1808 ct
1073 1755 1170 1810 itincre

56 1859 152 1930 fessos
166 1861 221 1912 ium
233 1859 328 1928 primu
338 1857 441 1930 poclum
452 1861 536 1928 porte
550 1858 658 1912 succiso
674 1857 849 1928 relinquebat.
894 1857 968 1924 Quos
983 1872 1049 1913 uero
1063 1860 1091 1913 iu
1106 1875 1169 1913 cas-

58 1971 105 2016 tra
117 1963 306 2033 perduceret,
314 1967 401 2033 portu
414 1963 477 2035 sare
491 1964 615 2034 fratrum
629 1969 654 2016 ct
662 1965 882 2033 propinquorum
899 1965 1013 2034 iuupcus
1025 1964 1106 2036 serro
1121 1967 1168 2019 dc·

59 2085 179 2124 cernere
194 2069 311 2139 copcbut.
339 2065 467 2138 Quorum
484 2065 554 2124 illud
571 2041 647 2143 pund
667 2064 703 2123 de
722 2072 811 2140 ponte
827 2063 1017 2124 cadaueribus
1033 2076 1168 2126 extructo

59 2169 197 2229 Valerius
215 2170 347 2248 perhibet
363 2169 444 2230 Flori
459 2171 477 2229 I.
495 2170 514 2230 l.
536 2170 643 2229 indicio
664 2178 730 2248 post
746 2171 837 2249 ipsam
852 2187 976 2248 pugnam
988 2170 1168 2231 Cannensem

60 2276 207 2335 accidisse
232 2277 423 2352 significatur:
452 2286 499 2352 ut,
523 2278 546 2335 si
570 2295 627 2355 qua
649 2276 721 2336 lides
744 2284 789 2335 est
811 2274 903 2334 ordini
925 2293 1010 2354 quern
1031 2277 1167 2338 Valerius

60 2385 153 2441 tenuit
173 2385 361 2458 narrationis,
392 2361 600 2442 eodem'etiam
622 2383 714 2443 altera
736 2383 874 2441 memoria
896 2381 1002 2440 relerri
1025 2361 1165 2442 uideatuI.

61 2487 126 2560 Qua
141 2505 174 2545 re
196 2488 232 2546 ir.
252 2487 292 2547 VI
312 2498 361 2548 aut
384 2497 450 2567 post
471 2487 526 2547 XV
542 2488 751 2548 conlocandum
773 2495 820 2546 aut
842 2486 1032 2562 relegandum
1054 2491 1109 2547 erit
1131 2489 1167 2549 ad

62 2594 185 2651 Incerta.
472 2586 477 2598 ¹
525 2599 527 2603 ’

147 2697 270 2757 Relicua
299 2716 373 2777 quae
403 2718 467 2760 curn
498 2701 592 2778 Hugio
621 2700 657 2760 ad
687 2700 763 2758 hunc
785 2698 889 2757 librum
910 2695 1033 2775 ascripsi
1056 2704 1104 2755 aut
1125 2697 1165 2754 ln-

62 2813 143 2862 certa
163 2812 229 2861 sunt
251 2813 299 2862 aut
323 2823 380 2864 non
402 2808 550 2867 traduntur
573 2825 610 2866 ex
631 2807 688 2865 hoc
708 2805 792 2864 libro.
838 2803 874 2877 Q.
895 2801 1002 2861 Fabius
1025 2802 1165 2863 Maximus

63 2919 193 2987 quartum
215 2908 316 2968 consul
340 2922 455 2972 creatur
473 2911 572 2990 (XIX)
594 2930 620 2970 a.
643 2931 669 2970 u.
695 2931 720 2970 c.
744 2908 897 2971 53800111.
918 2908 998 2968 Iiuio
1020 2907 1115 2969 XXIV
1135 2910 1164 2970 9.

61 3015 241 3092 Fragmeutis
259 3012 313 3073 XX
327 3025 355 3074 et
370 2995 452 3076 XXII
472 3017 614 3076 obsessae
633 3014 842 3096 Campanorum
865 3017 965 3075 nescio
988 3034 1062 3093 quae
1077 3016 1167 3076 urbes

63 3124 259 3198 designantur.
303 3121 376 3182 Illud
390 3123 500 3200 Hugius
523 3124 558 3183 ad
580 3123 731 3182 obsessam
747 3141 763 3182 a
780 3121 917 3181 Romanis
933 3118 1061 3199 Capuam
1075 3121 1167 3181 refert

64 3229 140 3288 conl.
159 3228 241 3288 Liuio
260 3226 343 3287 XXV
362 3228 411 3288 20.
432 3229 529 3290 XXVI
548 3232 578 3306 4,
602 3230 659 3289 boc
682 3229 717 3290 ad
740 3244 775 3286 ea
796 3245 871 3305 quae
890 3226 985 3306 liuius
1008 3224 1102 3286 XXVI
1128 3227 1166 3286 16

63 3334 224 3412 perhibuit,
254 3351 279 3392 a.
309 3353 336 3392 u.
362 3353 387 3392 c.
417 3336 475 3394 541
511 3335 658 3414 principes
693 3332 902 3410 Campanorum
931 3334 1033 3410 partina
1063 3343 1165 3412 captos

64 3442 165 3516 partim
184 3440 355 3500 Interiectos
378 3460 454 3502 esse.
500 3441 674 3518 Fragmento
697 3449 793 3499 autem
812 3436 881 3497 XXI
901 3439 950 3498 uix
977 3438 1092 3497 dubium
1120 3447 1165 3497 est
1238 3488 1239 3492 ,

64 3547 129 3622 quin
151 3544 291 3605 Hannibal
310 3546 495 3624 designetur,
519 3549 566 3627 qni
589 3565 614 3606 a.
639 3566 666 3605 u.
691 3564 717 3604 c.
741 3546 817 3620 541,
838 3553 867 3603 ut
887 3543 982 3602 Liuius
1004 3541 1100 3601 XXVI
1126 3542 1164 3600 ιθ

64 3661 175 3727 narrat,
195 3660 282 3710 noctu
298 3651 417 3710 Romam
435 3655 575 3731 perrexit.
620 3653 753 3731 Denique
776 3650 1001 3725 fragmentorum
1020 3647 1115 3714 XXIII
1136 3654 1165 3704 et

65 3755 158 3815 XXIV
181 3760 366 3843 occasionem
388 3758 465 3818 uelle
492 3760 620 3833 indicare
647 3757 785 3818 hariolari
809 3764 885 3842 est.⁴
910 3751 1017 3812 Contra
1040 3754 1164 3810 Incerto·

66 3881 125 3921 runa
147 3863 203 3922 duo
226 3845 360 3922 indicabo
381 3857 418 3922 en
448 3863 505 3923 hoc
530 3862 604 3921 libro
627 3851 753 3922 fortasse
775 3863 940 3939 desumpta:
971 3861 1005 3919 fr.
1029 3855 1167 3952 XXXVII

66 3973 147 4042 dequo
167 3973 277 4026 totoicdit
297 3988 379 4044 apros
399 3974 484 4028 iactos
505 3981 585 4044 utque
604 3973 705 4043 oppidu
722 3974 801 4043 cepit,
822 3967 900 4044 quod
916 3974 1030 4044 poterat
1045 3972 1112 4042 apte
1128 3960 1165 4020 de

65 4071 220 4132 Hannibale
238 4082 305 4151 post
327 4072 439 4133 cladem
452 4070 632 4134 Cannensem
649 4072 759 4133 Italiam
781 4074 951 4151 peruaganti
974 4069 1088 4130 elicrri:
1113 4065 1165 4126 scd

66 4179 100 4236 cl.
113 4197 141 4256 p.
155 4177 190 4246 L;
208 4178 372 4258 ibidemque
383 4180 479 4238 Iocum
491 4179 600 4238 habere
611 4179 668 4237 hoc
679 4184 808 4254 bitiupucs
818 4184 960 4237 Bruttutcs
972 4171 1165 4254 (XXXVIII).

103 4282 214 4340 Euruvs.
738 4289 742 4295 '
983 4292 1001 4333 θ
