2770 4946
552 384 910 447 Tunnonnrnuvm

711 557 745 627 V

274 685 393 768 Lubet,
416 682 570 752 labuntur
592 680 691 764 saxa,
714 676 903 748 caementati
925 676 1056 746 cadunt.

701 813 751 884 Vl

588 933 670 1006 caeli
692 933 846 1025 ingentes
869 930 1012 1002 ldmices

697 1069 760 1140 VII

273 1193 400 1264 Latona
421 1189 518 1282 pariit
540 1192 632 1260 cista
653 1188 829 1279 complexo
851 1187 941 1258 louis

183 1305 245 1367 425
271 1297 345 1366 Deli
366 1295 448 1365 deos
470 1293 633 1386 geminos.

686 1409 764 1479 VIII

271 1532 391 1624 ntsgui
412 1531 604 1625 principium
628 1534 679 1601 est
701 1529 826 1620 nudape
849 1528 933 1598 inter
954 1524 1036 1596 ciuis
1059 1526 1204 1618 corpora

699 1665 746 1735 IX

272 1839 280 1854 .
335 1839 342 1853 .
396 1839 404 1854 .
457 1785 534 1879 quin
558 1785 634 1855 inde
655 1783 768 1855 inuitis
791 1782 991 1876 sumpserint
1011 1783 1244 1874 perduellibus

706 1919 740 1990 II

270 2037 407 2109 Amicus
429 2042 539 2109 certus
562 2041 595 2109 in
617 2062 653 2109 re
674 2040 799 2109 Incerta
821 2036 973 2108 cernitur.

167 2303 231 2338 naae
249 2288 351 2338 misisse
368 2289 438 2337 aiunt
455 2287 581 2351 quondam
600 2290 626 2338 iu
641 2291 767 2354 gremium
780 2287 887 2338 imbrem
901 2301 1013 2336 aureum.
1029 2281 1035 2352 Ι
1051 2286 1159 2350 Egomet
1176 2302 1285 2352 quoque

167 2358 194 2407 id
211 2365 327 2424 spectare
344 2353 430 2422 coepi:
458 2365 482 2406 et
506 2358 566 2421 quia
584 2359 743 2410 consimilem
762 2358 858 2409 luserat
877 2353 882 2423 Ι
902 2357 956 2406 Iam
974 2355 1036 2407 olim
1054 2355 1098 2404 ille
1116 2355 1221 2417 ludum,
1242 2361 1285 2408 in-

165 2425 260 2494 pendio
276 2426 359 2491 magis
378 2428 478 2476 ammas
500 2427 629 2491 gaudebat
646 2428 723 2486 mlhi;
744 2426 750 2493 Ι
772 2428 852 2476 Deum
876 2441 932 2476 sese
950 2426 976 2474 in
993 2427 1104 2490 pretium
1121 2429 1282 2478 conuertisse

166 2503 190 2545 et
211 2511 259 2560 per
282 2495 379 2546 alienas
403 2495 504 2562 tegulas
530 2493 535 2560 Ι
559 2497 669 2547 VenIsse
691 2496 847 2546 clanculum:
870 2511 917 2562 per
937 2494 1053 2561 pluuiam
1076 2494 1165 2544 lucum
1181 2494 1281 2549 lactum

164 2564 273 2616 mulleri.
294 2561 299 2632 Ι
320 2565 353 2613 At
370 2580 445 2627 quem
464 2565 557 2614 deum?
576 2568 628 2629 qui
646 2567 781 2632 templa'
801 2582 824 2618 e.
843 2582 867 2629 q.
886 2581 907 2616 s.
945 2565 1059 2615 Donatus
1078 2564 1104 2612 in
1123 2565 1150 2617 h.
1173 2564 1189 2614 l,
1208 2569 1280 2616 ‘so-

164 2635 231 2683 nitu
249 2635 407 2683 concutit:
433 2630 565 2700 παρῳδία
583 2635 616 2684 de
633 2637 723 2686 Ennio.
759 2636 881 2701 templa
899 2633 999 2683 caeli:
1026 2635 1278 2701 sententiatragica‚

163 2703 210 2752 sed
228 2703 260 2753 de
276 2704 415 2761 industrIa‚
435 2718 485 2754 non
503 2705 604 2753 errore.’
676 2707 698 2753 V
723 2705 819 2754 Nonius
839 2721 864 2769 p.
886 2703 952 2759 luc,
971 2702 1006 2753 30
1030 2708 1274 2756 ‘caementa

162 2773 278 2822 feminini
299 2772 405 2822 Ennius:
423 2772 503 2820 labat'
524 2789 546 2826 e,
567 2789 591 2836 q,
612 2789 633 2823 s.
703 2775 738 2822 Vl
755 2773 836 2824 Varro
862 2774 893 2823 de
911 2773 940 2821 L.
959 2772 989 2824 L,
1010 2773 1033 2821 V
1052 2771 1085 2822 19
1103 2772 1137 2822 Μ.
1164 2783 1193 2823 ‘a
1211 2776 1278 2826 chao

162 2841 268 2902 choum,
292 2841 353 2891 hinc
375 2856 466 2890 carrum
485 2849 508 2890 et
526 2842 585 2891 hine
609 2842 730 2892 caelum
808 2850 832 2892 et
850 2843 947 2892 Ennius
964 2843 1025 2890 item
1048 2841 1081 2891 ad
1100 2844 1277 2895 cenationem:

162 2911 227 2961 caeli
241 2914 257 2961 i.
272 2911 300 2960 I!
335 2909 423 2960 Cicero
439 2910 470 2959 de
486 2919 549 2962 orat.
564 2913 596 2960 Ill
607 2913 654 2972 to,
672 2912 719 2962 162
738 2914 802 2974 ‘quo
817 2913 842 2960 in
855 2926 948 2978 genere
964 2913 1077 2976 primum
1095 2918 1134 2960 est
1151 2910 1278 2977 fugienda

162 2979 356 3030 dissimilitudo:
377 2979 440 3028 caeli
453 2980 470 3032 i,
486 2979 508 3030 f.‘
545 2979 667 3038 Quamuis
681 2980 816 3045 sphaeram
835 2981 860 3029 in
879 2994 980 3030 scenam
1002 2979 1042 3044 (ut
1058 2980 1164 3044 dIcitnr)
1184 2985 1277 3034 attule-

161 3050 193 3096 rit
215 3050 325 3102 EnnIus.
350 3056 433 3098 tamen
457 3050 484 3097 in¹
506 3049 617 3115 sphaera
640 3051 745 3099 fornicis
770 3049 911 3100 similitudo
938 3064 989 3099 non
1016 3055 1100 3114 potest
1133 3051 1239 3104 inesse.'

195 3119 242 3166 VIl
260 3118 341 3167 Varro
361 3118 392 3166 de
409 3117 439 3168 L.
459 3118 489 3171 L.
507 3119 555 3167 VII
581 3118 613 3170 lo
632 3120 665 3168 Μ.
703 3121 813 3168 ‘Ennius
838 3117 917 3184 [Med.
942 3118 974 3171 Ir.
994 3116 1090 3183 XVIII]
1174 3121 1275 3174 Titanis

161 3186 242 3245 diota,
262 3187 330 3248 quod
348 3201 404 3234 eam
422 3188 510 3251 genuit
528 3187 626 3238 Titanis
643 3189 714 3238 Lato.
751 3190 814 3238 Lato
830 3189 912 3250 enlm,
931 3195 958 3236 ut
977 3188 1065 3236 scribit
1078 3187 1216 3250 Manilius,
1236 3201 1276 3242 est

160 3254 226 3306 (loeo
239 3261 322 3304 creata
335 3255 443 3305 Titanis.
479 3257 520 3304 Vt
534 3257 616 3306 idem
633 3257 735 3308 scribit:
763 3257 873 3310 Latona·
892 3273 914 3306 e.
927 3275 952 3320 q.
969 3273 989 3306 s.
1012 3257 1052 3306 ‘id
1071 3266 1111 3306 est
1124 3258 1275 3323 Apollmem

160 3331 184 3373 et
199 3325 326 3373 Dianam.’
355 3324 396 3373 Ad
408 3323 515 3374 Ennium
530 3325 572 3376 his
585 3327 670 3377 uerbis
683 3333 715 3374 nt
731 3327 814 3376 idem
829 3325 912 3376 redire
921 3327 1061 3377 Varronem
1072 3327 1102 3379 0.
1114 3328 1275 3380 Ribbeckius

158 3395 292 3461 perspexit
306 3393 372 3442 conl.
388 3395 460 3444 Varr.
476 3395 522 3443 Vll
532 3395 565 3445 65
575 3395 608 3444 Μ.
680 3397 739 3444 Vlll
752 3395 840 3446 Cicero
854 3395 930 3445 Tusc.
947 3396 1015 3462 disp.
1032 3397 1068 3445 IV
1082 3395 1126 3455 33,
1142 3397 1177 3447 70
1193 3399 1274 3449 ‘bene

158 3479 219 3531 ergo
243 3464 351 3512 Ennius:
376 3463 471 3528 llagitI‘
496 3480 518 3513 e.
541 3479 565 3526 q.
592 3481 612 3514 s,
684 3464 720 3512 IX
744 3466 824 3514 Varro
846 3464 878 3513 de
899 3464 929 3512 L.
948 3465 977 3514 ll.
1004 3466 1052 3514 Vll
1069 3464 1104 3515 49
1122 3464 1156 3515 M.
1187 3470 1273 3532 ‘apud

157 3533 279 3581 Ennium:
298 3533 373 3594 quln'
396 3548 456 3595 eq.
472 3547 493 3580 s.
515 3531 720 3597 ‘perduelles
742 3533 859 3583 dicuntur
871 3532 977 3587 hostes'
1048 3535 1072 3583 X
1092 3534 1183 3585 Cicero
1199 3537 1271 3588 Lael.

158 3600 205 3662 17,
224 3599 259 3651 ct
278 3602 444 3663 ‘quamquam
464 3601 560 3651 Ennius
580 3610 662 3652 reete:
681 3604 791 3653 amicus'
809 3619 831 3653 e.
851 3619 876 3666 q·
895 3619 917 3656 s.

196 3808 389 3864 cantabuntur
410 3807 471 3863 edd.
487 3810 653 3864 lababuntur
667 3809 731 3865 libri
815 3815 976 3865 caementae
989 3811 1101 3866 luntas.
1123 3823 1271 3872 caementa

155 3890 217 3945 libra'
318 3893 371 3948 424
395 3893 479 3964 pariit
504 3892 588 3948 ‘Pam
613 3912 632 3948 o
652 3902 677 3948 et
698 3894 728 3964 b,
754 3897 781 3950 si
799 3899 874 3950 recte
895 3896 1011 3950 relatum
1032 3901 1080 3950 est.
1106 3899 1181 3968 parit
1206 3909 1269 3957 cett.

154 3972 243 4030 codd!
266 3976 296 4032 0.
318 3974 360 4029 M.
446 3983 525 4033 casta
545 3977 624 4035 Flor.
648 3979 745 4036 Houo.
773 3987 851 4036 casto
873 3980 958 4034 ceteri
977 3979 1042 4033 libri
1134 3985 1189 4040 425
1208 3984 1268 4040 Deli

153 4060 241 4130 numo.
262 4059 341 4114 Delia
361 4060 424 4116 libri
514 4065 568 4120 426
591 4063 662 4118 ciuis
685 4063 754 4119 uuo.
771 4065 849 4120 ciues
869 4064 954 4117 ceteri
1046 4069 1098 4124 427
1115 4067 1182 4136 quin
1199 4069 1266 4124 Inde

151 4143 230 4198 Flor.
245 4145 314 4198 Por.
332 4161 360 4198 o.
379 4146 480 4215 quolus
504 4146 569 4201 iude
586 4147 664 4203 uoto.
680 4148 761 4220 quius
782 4149 848 4204 Inde
862 4148 958 4204 Haeo.
976 4149 1052 4221 quod
1067 4148 1134 4204 inde
1150 4151 1222 4208 Par.
1238 4154 1265 4210 b.

153 4225 220 4301 quid
234 4227 308 4283 unde
327 4227 447 4287 Turucbi
459 4230 518 4286 cod.
