2796 4948
524 389 764 459 RELIQVIAF
1137 381 1197 449 181

590 551 700 624 XLVI

186 670 315 741 Plinius
337 673 409 742 Nat.
436 671 520 742 Ilist.
542 668 638 741 XVII
662 679 692 756 8,
715 679 756 744 84
784 675 833 742 ‘et
855 672 983 744 Ennius
1003 671 1197 766 antiquissi-

80 797 158 844 mus
176 778 273 844 uates
286 775 473 857 ¹obsidionis
490 775 610 846 samem
631 774 819 866 exprimens
842 777 968 846 ollam
986 775 1198 869 eripuisse

82 877 356 969 plorantibus
377 877 528 948 liberIs
550 881 696 969 patres
716 879 969 952 commemorat’

580 1013 703 1084 XLVII

189 1127 305 1200 Cicero
326 1129 367 1198 de
390 1151 426 1199 re
447 1151 479 1220 p.
500 1129 514 1198 I
535 1139 566 1216 2,
587 1140 606 1202 3
638 1131 753 1201 ‘urbes
778 1153 917 1224 magnas
946 1135 1044 1226 atque
1069 1131 1196 1224 inpe-

79 1234 240 1318 riosas,
262 1235 301 1301 ut
319 1231 465 1322 adpellat
485 1231 626 1320 Ennius,
649 1233 768 1305 uiculis
786 1237 818 1306 et
837 1234 982 1304 castellis
999 1236 1195 1325 praeferen-

80 1337 143 1406 das
162 1335 264 1428 puto!
294 1336 416 1405 urbes
437 1357 607 1428 magnas
625 1340 751 1430 atque
769 1337 1011 1428 inperiosas
1029 1342 1195 1433 tamquam

79 1437 267 1510 hexametri
283 1460 405 1510 uersus
427 1439 618 1530 particulam
636 1439 744 1510 Ennio
764 1438 913 1540 Orellius¹
930 1440 1042 1510 tribuit
1231 1453 1233 1460 ’

570 1575 707 1646 XLVIII

186 1691 342 1761 Lucanus
362 1688 512 1761 Pharsal.
531 1691 564 1762 X
585 1701 647 1762 249
677 1695 854 1763 ‘commeat
874 1691 936 1762 hac
957 1693 1087 1784 peoilus
1108 1693 1194 1763 taci-

78 1795 122 1866 tis
151 1793 357 1864 discursibus
380 1794 470 1864 unda
488 1795 628 1888 Frigore
653 1797 694 1866 ab
716 1797 842 1866 Arctoo
870 1797 1011 1866 medium
1039 1803 1195 1866 reuocata

79 1898 146 1969 sub
170 1920 284 1982 axem,
309 1895 391 1968 Cum
406 1894 562 1968 Phoebus
579 1899 701 1991 pressIt
716 1901 851 1970 Illeroe'n
870 1898 1035 1992 tellusque
1057 1904 1194 1991 perusta

79 2001 164 2070 Illuc
187 2000 280 2069 duxit
300 1999 425 2092 aquas!
465 2001 575 2072 Schol.
595 2003 628 2071 in
649 2001 680 2071 h.
698 2002 719 2072 I.
744 2008 882 2097 ‘aquast
910 2002 1069 2072 Ennius
1092 2001 1193 2072 haec

80 2106 129 2174 de
153 2103 248 2173 Nilo
272 2102 346 2188 ait,
381 2105 490 2197 quod
515 2128 586 2197 per
614 2108 820 2176 aestatem
841 2105 906 2175 sol
933 2106 981 2175 ab
1005 2105 1191 2174 inferio·

77 2208 199 2277 ribus
220 2229 362 2299 aquarn
387 2227 515 2297 supra
536 2211 727 2293 reuocet,
756 2214 797 2278 et
818 2209 914 2279 hino
933 2231 981 2278 eo
1005 2212 1192 2298 tempore

76 2297 206 2381 Nilus
229 2308 459 2380 increscat!

584 2411 692 2483 XLIX

186 2527 325 2599 Seruius
343 2526 377 2597 in
392 2527 477 2597 Aen.
495 2528 509 2597 I
527 2537 586 2599 741
616 2535 712 2602 ‘sanc
727 2530 823 2602 Atlas
839 2528 1001 2599 Graecum
1022 2530 1084 2613 est,
1108 2527 1193 2597 sicut

77 2639 111 2704 et
129 2632 242 2702 Nilus:
265 2653 340 2701 nam
361 2630 488 2701 Ennius
509 2630 586 2702 dicil
602 2634 734 2704 Nilum
749 2632 949 2703 ltlelonem
972 2631 1100 2714 uocari,
1125 2630 1192 2699 At-

76 2738 204 2807 lantem
230 2756 313 2805 uero
342 2735 572 2804 Telamonem?
617 2735 666 2808 Cf.
688 2736 812 2808 Paulus
838 2735 928 2806 Festi
953 2759 985 2825 p.
1009 2743 1028 2803 7
1049 2734 1092 2803 Μ.
1121 2732 1192 2802 ‘al-

76 2841 163 2910 cedo
188 2838 357 2908 dicebatur
376 2840 416 2908 ab
436 2838 579 2930 antiquis
600 2863 661 2931 pro
683 2841 833 2932 alcyone,
861 2842 897 2908 ut
917 2860 978 2929 pro
999 2836 1191 2927 Ganymede

77 2941 280 3026 CatamituS‚
317 2963 378 3032 pro
403 2941 496 3011 Nilo
522 2942 647 3014 Melo!
697 2945 785 3014 Idem
810 2967 841 3034 p.
863 2949 900 3013 18
923 2942 965 3011 Μ.
994 2939 1191 3010 ‘Alumenlo

76 3069 141 3138 pro
169 3044 395 3115 Laumedonte
426 3067 446 3114 a
480 3044 648 3116 ueteribus
679 3047 837 3118 RomaniS
874 3045 1013 3115 necdum
1047 3043 1191 3114 assuetis

77 3150 228 3220 Graecae
242 3148 377 3240 linguae
391 3147 512 3218 dictum
525 3152 585 3218 est.
623 3149 678 3219 Sic
693 3151 794 3221 ltlelo
814 3171 887 3241 pru
903 3148 1015 3234 Nilo,
1043 3145 1190 3218 Catami-

76 3258 134 3342 tus
156 3272 218 3342 pro
237 3250 430 3342 Ganymede
517 3251 704 3324 dicebatur!
749 3254 836 3324 Idem
861 3277 892 3344 p.
914 3261 974 3323 124
997 3253 1038 3321 M.
1067 3250 1189 3321 ‘ltlelo

75 3355 214 3425 nomine
236 3354 300 3424 alio
324 3352 417 3424 Nilus
440 3355 597 3425 uocatur!

620 3491 647 3560 L

182 3605 309 3676 Paulus
339 3604 428 3676 Festi
462 3616 541 3697 p.4
575 3607 616 3676 M.
657 3568 891 3677 ‘ambactos
928 3604 1015 3696 apud
1049 3601 1190 3673 Ennium

79 3712 201 3803 lingua
235 3709 361 3780 Gallica
399 3729 518 3779 seruus
554 3709 756 3800 appellatur?
809 3709 920 3784 Gloss.
954 3707 1055 3778 Labb.
1093 3711 1190 3776 ‘am-

79 3815 250 3899 bactus,
277 3814 409 3898 ᾶοῦλος
429 3805 610 3903 μισθωτὸς
632 3805 681 3898 ὡς
696 3805 860 3899 'Forma’
1285 3839 1288 3844 ¹

612 3949 654 4020 LI

179 4067 300 4137 Festus
327 4091 360 4159 p.
386 4077 445 4139 153
470 4067 512 4138 Ill.
548 4069 651 4137 ‘meta
673 4120 790 4137 .......
814 4089 854 4136 ca
875 4088 895 4135 a
918 4062 1044 4134 cariore
1071 4112 1189 4131 .......
1190 4034 1197 4040 ¹

79 4221 176 4241 ......
200 4174 402 4261 peruentura
510 4170 600 4263 quod
762 4170 871 4242 dicare
892 4167 937 4238 ait
956 4166 1082 4237 Ennius
1105 4217 1131 4234 ..
1154 4162 1187 4233 id

79 4277 131 4343 est
153 4325 381 4346 .............
400 4273 503 4344 meta'
525 4295 553 4344 e.
573 4296 604 4366 q.
623 4295 651 4344 s
