2770 4946
433 389 444 416 ⁸
502 375 744 445 Runlovlan

608 543 621 612 l

169 662 237 732 Sed
260 662 390 732 sonitus
411 613 502 732 auris
521 543 756 752 measlpedum
776 656 875 749 pulsu
897 657 1051 748 increpat.

595 795 638 868 lll

169 915 214 984 lbi
238 915 316 1008 quid
338 917 417 1007 agal
437 937 549 986 seeum
573 915 699 1020 cogitat
717 913 813 1004 parat
834 914 936 1003 putat.

580 1049 659 1122 IV*

169 1167 370 1252 Quemnam
390 1171 423 1238 te
445 1189 522 1241 esse
543 1169 665 1254 dicam,
694 1167 750 1262 qui
769 1165 864 1236 tdrda
883 1165 916 1234 in
937 1164 1071 1238 senecia

449 1277 454 1286 .
587 1303 652 1376 V*

169 1474 176 1490 .
231 1474 239 1490 .
294 1474 302 1490 .
355 1420 412 1512 pol
442 1421 519 1494 milri
553 1425 686 1493 fortuna
713 1420 820 1512 mdgis
850 1441 937 1488 nunc
968 1420 1048 1492 defit
1077 1420 1174 1513 quam

74 1634 140 1696 395
168 1625 316 1720 Namque
343 1649 485 1721 regnum
508 1627 706 1722 suppetebat¹
721 1545 854 1711 {pinu}
876 1626 979 1712 solas,
1008 1632 1131 1720 quanto
1155 1629 1174 1696 e

169 1831 306 1916 Quantis
323 1833 452 1926 opibus,
472 1833 590 1928 quihus
607 1833 649 1902 de
663 1728 875 1924 rebhhchipsa
891 1833 1024 1902 fortuna
1039 1831 1174 1903 accidat.

567 1985 616 2056 Vl
630 1983 671 2022 Η

170 2099 308 2172 Tantalo
336 2104 536 2196 prognatum
565 2102 690 2194 Pelope
720 2103 833 2187 natus,
870 2101 926 2195 qui
957 2101 1121 2195 quondam
1155 2101 1176 2170 a

723 2227 822 2276 socru

170 2303 339 2377 Oenomao
359 2329 441 2402 rege
458 2308 719 2401 Hippodameam
742 2308 845 2400 raptis
865 2311 1018 2378 nanetust
1040 2305 1173 2398 nuptiis.

59 2507 206 2559 Theeste
226 2510 289 2561 ...'
321 2509 514 2576 (Thertensi
536 2527 583 2562 ms.
608 2512 687 2562 lunii.
715 2509 860 2575 Thyeste
884 2506 958 2574 edd.)
1029 2510 1051 2560 ll
1077 2508 1175 2559 Nonius

59 2594 87 2643 p.
103 2581 166 2639 255,
181 2581 215 2630 25
234 2583 400 2645 ‘erepere,
418 2579 504 2632 ferire,
526 2582 623 2632 Ennius
637 2583 663 2630 in
677 2580 787 2645 Thyeste
801 2580 849 2630 ...'
918 2580 952 2629 lll
970 2578 1067 2628 Nonius
1077 2577 1173 2644 pauo,

61 2650 97 2700 25
118 2652 150 2714 ‘p
160 2658 272 2710 utare,
292 2650 376 2699 animo
391 2649 523 2715 disputare
588 2652 686 2702 Ennius
698 2649 810 2714 Thyeste
825 2649 878 2699 ...'
949 2650 984 2700 lV
1000 2649 1088 2700 Cicero
1104 2648 1172 2698 Orat.

60 2719 106 2778 55,
125 2719 175 2769 lat
200 2723 369 2782 ‘quamquam
383 2721 459 2770 etiam
472 2736 488 2771 a
500 2721 583 2772 modis
596 2721 749 2785 quibusdam
767 2727 841 2769 cantu
856 2725 952 2768 remoto
965 2719 1049 2769 soluts
1065 2733 1122 2768 esse
1135 2719 1174 2768 ui·
1270 2745 1272 2754 ν

59 2789 154 2837 deutur
174 2790 254 2840 oratio
339 2803 446 2851 quorum
464 2791 559 2841 similia
574 2799 632 2842 sunt
650 2789 775 2854 quaedam
793 2790 868 2838 etiam
881 2789 951 2855 apud
966 2797 1080 2850 nostros,
1104 2788 1174 2838 uelut

59 2857 106 2906 ille
128 2860 154 2906 in
169 2858 280 2922 Thyeste
301 2855 375 2924 [393]
397 2867 422 2908 et
441 2875 506 2922 quae
527 2869 681 2924 sequnntur:
702 2875 780 2923 quae,
800 2859 849 2908 nisi
868 2874 926 2908 eum
944 2860 1038 2910 tibicen
1057 2859 1173 2918 necessit,

60 2929 186 2977 orationis
199 2936 257 2978 sunt
275 2929 373 2977 solutae
391 2929 541 2980 simillima)
573 2929 612 2982 Cl.
629 2930 727 2980 Nonius
739 2945 765 2995 p.
779 2925 841 2989 336,
855 2926 888 2978 31
908 2929 1007 2981 ‘Varro
1028 2923 1093 2992 περὶ
1112 2917 1174 2988 ἕξοι-

60 2993 172 3061 γωγῆςε
190 3013 265 3060 quem
279 3013 337 3048 nam
350 3006 375 3047 te
391 3014 448 3050 esse
462 3000 555 3060 dicam,
569 3000 649 3050 leram
664 3001 708 3064 qui
722 3013 798 3049 manu
811 2999 926 3064 eorporis
939 2997 1053 3050 feruidos
1066 2998 1174 3050 fontium

61 3069 151 3132 aperis
174 3066 245 3117 lacus
263 3068 397 3134 sanguinis
420 3076 495 3131 teque
514 3071 569 3120 ulto
588 3070 659 3120 leuas
681 3069 764 3120 ferreo
785 3069 873 3118 ensl‘l'
943 3070 966 3120 V
990 3067 1077 3120 Cicero
1097 3068 1172 3118 Tuso.

60 3137 131 3201 disp.
146 3137 180 3186 lll
198 3136 240 3198 19,
254 3139 288 3188 44
307 3139 495 3200 ‘quaerendum
515 3140 610 3205 igitur,
629 3155 703 3203 quem
717 3138 855 3190 admodum
869 3139 1029 3204 aegritudine
1042 3140 1173 3206 prluemns

59 3221 134 3264 eum,
153 3207 197 3270 qui
212 3207 344 3256 iudicat:
363 3208 437 3272 pol'
456 3225 478 3258 e.
496 3225 520 3271 q,
534 3224 556 3258 s.
581 3208 679 3268 ‘Quidt
698 3210 757 3260 hnic
770 3207 837 3258 calix
850 3209 927 3258 mulsi
940 3209 1111 3275 inpingendus
1125 3216 1173 3268 est,

59 3285 86 3324 ul
101 3275 206 3340 plorare
216 3277 334 3326 desinat?
352 3277 503 3340 autaliquid
514 3279 666 3330 eiusmodi?
684 3281 750 3330 Eoos
758 3278 806 3326 tihi
819 3293 852 3328 ox
864 3279 944 3328 altera
955 3288 1027 3345 parte
1040 3279 1172 3330 abeodem

60 3349 140 3410 poeta
155 3344 340 3410 [Andromach.
354 3346 385 3396 lr.
401 3345 456 3412 X].'
481 3348 597 3399 illaesae
612 3349 731 3414 Thyestis
743 3347 823 3397 uerba
836 3346 865 3398 0.
880 3348 1021 3400 Ribbeelrio
1034 3350 1092 3400 uisa
1104 3355 1172 3408 sunt,

59 3423 171 3480 excepta
183 3414 292 3466 sortasse
306 3431 322 3464 a
335 3417 460 3480 proximis
529 3418 565 3468 Vl
584 3418 672 3469 Cicero
685 3420 761 3468 Tusa.
777 3417 845 3482 disp.
861 3417 954 3478 11112,
970 3418 1004 3468 ’25
1019 3417 1173 3483 ‘aegritudi-

60 3500 120 3534 nem
132 3485 343 3552 ...depellamus
355 3523 361 3535 .
372 3523 378 3536 .
389 3522 395 3536 .
407 3486 490 3549 qualis
503 3488 570 3537 enim
583 3489 630 3538 tibi
643 3489 686 3552 ille
696 3490 797 3540 uidetur
808 3486 959 3537 Tantalo'
974 3503 996 3538 e.
1008 3503 1033 3550 q.
1044 3503 1065 3536 s.
1088 3487 1172 3537 ‘louis

102 3702 158 3758 395
179 3697 284 3768 cogitet
303 3695 424 3754 WLet'd.
509 3703 563 3758 393
583 3706 697 3756 seneeta
710 3698 917 3756 Loehmuoous.
931 3704 1074 3756 senectute
1089 3699 1153 3755 libri

103 3785 157 3843 395
179 3781 217 3836 mi
236 3781 345 3838 Grotius
358 3782 432 3838 But.
445 3785 506 3838 erit.
521 3799 585 3842 nou.
600 3783 656 3840 IV.
671 3784 739 3840 mihi
753 3785 818 3840 libri
899 3788 952 3845 396
968 3786 1046 3840 lassa
1067 3784 1172 3840 Vindo

60 3863 139 3923 Mon.
155 3867 172 3922 h
256 3865 368 3922 aecidat
382 3867 452 3924 (lud.
467 3868 536 3940 Rep.
550 3868 625 3925 Pro.
641 3871 730 3926 Bern.
746 3869 804 3924 alit.
818 3869 930 3925 oeeidat
943 3869 1034 3926 Redd.
1058 3869 1137 3925 Vino.
1153 3883 1171 3922 α

59 3948 137 4008 Mon.
166 3968 185 4007 a
210 3952 330 4024 pudetque
358 3949 448 4008 Onon.
556 3957 608 4012 397
637 3971 721 4011 soeru
746 3954 894 4010 Beothius.
923 3971 1023 4011 socero
1047 3954 1112 4010 libri

103 4040 158 4096 398
181 4037 269 4107 raptis
285 4035 356 4092 mad.
372 4035 442 4110 Rep.
456 4037 546 4094 Bern.
566 4040 616 4094 olii
634 4040 697 4096 edd.
712 4038 829 4094 Daunii.
853 4044 949 4111 raptus
971 4043 998 4094 et
1012 4053 1101 4111 supra
1122 4039 1170 4094 lin.

61 4122 149 4192 ruptis
167 4120 258 4176 neno.
273 4121 357 4176 raetis
372 4119 465 4178 Maro.
483 4128 579 4194 raptus
593 4123 666 4181 Pro.
680 4123 857 4180 Onomastus
941 4130 1069 4180 nanetust
1086 4123 1170 4196 Trep-

61 4207 157 4262 derus.
179 4211 299 4262 nanetus
314 4205 385 4262 aad.
396 4205 466 4279 Ray.
487 4214 585 4264 nactus
601 4216 644 4264 est
657 4207 731 4265 Pto.
745 4209 833 4264 nactis
848 4207 939 4265 neon.
953 4226 989 4264 m.
1003 4227 1052 4282 pr.
1073 4214 1170 4266 uectus

63 4290 154 4346 Maro.
171 4297 271 4346 nactus
283 4292 368 4346 celeri
380 4289 450 4348 libri.
471 4297 580 4349 nactust
597 4294 738 4351 Bomos
824 4294 898 4350 nulls
915 4292 985 4366 Rep.
