2752 4944
503 343 735 402 ΕΝΝΙΑΝΑΕ
1056 357 1168 406 mn

50 507 143 566 lande
171 523 189 565 a
216 505 366 576 ueteribqs
389 507 645 585 praedicabantur:
672 507 747 570 inter
769 511 899 570 comicos
920 519 1015 570 autem
1032 527 1085 572 eos
1105 515 1166 592 qni·

48 612 118 670 dem
142 613 195 689 qui
217 612 314 688 aliqua
329 614 543 672 existimatione
564 613 689 688 inerunt,
710 613 786 674 hunc
804 623 921 694 poetam
944 615 1095 676 Volcatius
1113 619 1166 678 Se·

48 719 163 794 digitus
188 717 301 777 celebri
323 737 447 780 censura
463 720 559 778 intimo
574 718 642 778 loco
666 724 774 779 ‘causa
789 721 983 797 antiqnitatia’
1007 725 1165 782 recensuit.

49 821 96 882 ct.
122 823 300 884 hadewicus
323 825 361 884 de
388 789 515 884 lffilcatii
540 842 652 888 canone
673 845 701 903 p.
734 824 782 884 12,
820 825 935 887 indices
961 845 996 886 ac
1022 827 1165 906 reliquiae

61 931 138 988 mum
167 939 276 988 tantum
305 931 519 992 comoediarum
545 931 633 991 bodie
659 942 771 992 extant:
805 933 1046 1008 Ambraciae,
1075 935 1164 1012 aiqui-

48 1035 115 1094 dem
154 1052 193 1095 ea
221 1036 374 1096 comoedia
408 1037 476 1114 init,
509 1034 772 1116 anunculae,
813 1038 1163 1100 Pancratiastarum.

48 1145 255 1217 Capiamaaatam
273 1142 428 1200 enimcum
447 1141 558 1202 Nonius
583 1161 611 1221 p.
638 1144 714 1218 155,
737 1144 778 1204 30
800 1145 908 1221 tradat,
931 1143 988 1202 leni
1009 1162 1093 1205 manu
1111 1150 1165 1206 Oa-

43 1254 205 1321 paacataaa
226 1247 345 1322 retinxi,
373 1265 437 1306 cum
457 1246 595 1307 bantinus
617 1251 849 1324 capeaaacataaa
873 1246 992 1308 Botbius
1008 1269 1165 1326 cupramca-

46 1359 103 1412 tam
130 1353 308 1412 uoluissent.
353 1351 480 1412 Tertiam
501 1358 715 1412 Pancratiastae
739 1351 890 1429 pluraliter
919 1354 1072 1433 inscripsi,
1099 1372 1164 1414 cum

47 1457 165 1516 Nonius
193 1476 222 1536 p.
241 1457 318 1531 506,
341 1456 360 1516 3
388 1461 460 1516 idem
476 1463 697 1533 panchrattasas
716 1459 865 1516 citauerit:
895 1476 1066 1538 quamquam
1086 1461 1163 1520 idem

49 1581 77 1640 p.
100 1563 186 1638 513,
213 1563 246 1620 11
279 1570 309 1620 et
327 1561 405 1636 517,
430 1562 468 1620 15
493 1570 697 1638 pammac,
728 1560 803 1620 unde
824 1568 1031 1624 Pancratiastae
1050 1565 1162 1627 titulum

49 1669 142 1728 luisse
158 1670 324 1745 suspicere,
343 1666 470 1727 exhibet.
510 1667 646 1728 Ceterum
666 1668 845 1742 cognominis
861 1670 1014 1730 comoedia
1028 1670 1161 1732 Alexidis

13 1783 16 1802 ¹
49 1773 231 1834 Philemonis
246 1770 400 1850 Theophili
425 1773 539 1846 citatur,
565 1792 620 1832 nec
635 1783 731 1832 tamen
748 1771 784 1831 de
806 1772 905 1832 harum
920 1773 1094 1834 Graecarum
1113 1784 1161 1836 aut

51 1878 87 1937 de
103 1879 258 1938 Ennianae
280 1889 451 1955 argomento
470 1880 624 1958 quicquam
639 1879 810 1938 conicienda
826 1881 944 1940 eruitur.
971 1879 1021 1939 llis
1036 1882 1160 1960 meripsi

50 1982 105 2042 dno
126 1984 292 2060 fragmenta
313 1987 440 2062 incerta,
471 2001 546 2064 quae
572 1983 640 2044 mibi
667 1986 728 2042 uisa
750 1993 814 2044 sunt
837 1987 1010 2063 praesertim
1033 1989 1160 2048 sermoni

51 2089 226 2148 comoediae
245 2089 464 2150 adcommodata
485 2108 563 2148 esse.
848 2099 851 2104 '

134 2195 184 2255 De
203 2194 412 2271 tragoediis
431 2213 492 2254 rem
511 2212 625 2254 omnem
639 2196 703 2254 iere
718 2194 897 2256 Ribbeckius
912 2197 1083 2273 occupauit:
1103 2215 1159 2256 nee

51 2298 128 2358 iuuat
156 2318 233 2359 nuno
259 2300 372 2376 singula
401 2318 535 2378 quaeque
562 2302 599 2360 de
623 2301 727 2379 quibus
749 2301 785 2360 ab
812 2301 864 2360 illo
884 2311 913 2361 et
940 2319 1012 2360 uero
1033 2304 1158 2363 etiama

50 2415 156 2464 memet
177 2407 243 2483 ipso
263 2423 338 2464 nune
369 2407 509 2466 dissentio
538 2424 731 2485 expromere:
759 2425 843 2485 quum
871 2425 931 2496 fem
959 2424 1017 2484 quo
1042 2408 1157 2486 plenius

51 2511 192 2588 persequi
214 2509 301 2572 liceat
323 2529 390 2570 mox
410 2512 479 2573 alibi
504 2513 587 2572 locus
608 2514 674 2572 mihi
697 2520 813 2590 paratus
835 2491 910 2570 artat

135 2616 277 2690 Quartum
298 2635 391 2694 genus
414 2620 530 2696 poesis,
560 2620 589 2678 in
610 2636 667 2696 quo
688 2616 798 2676 Ennius
824 2614 1002 2693 elaborauit,
1024 2627 1156 2679 satura

52 2728 113 2779 est:
141 2721 182 2781 de
206 2725 286 2782 cuius
315 2733 416 2784 natura
445 2734 475 2784 et
501 2725 615 2800 origine
637 2733 705 2802 post
730 2721 850 2782 celebre
877 2720 969 2782 lsaaci
992 2721 1157 2785 Gasauboni

53 2842 124 2902 opus
148 2847 166 2887 a
188 2829 282 2889 multis
300 2831 460 2908 quaesitum
480 2840 541 2890 est:
565 2847 640 2908 quos
659 2847 783 2890 censere
803 2845 905 2886 omnes
925 2830 1026 2908 largae
1048 2833 1155 2892 oratio·

53 2934 94 2990 nis
115 2934 206 2992 toret.
251 2935 368 3008 Quare
397 2938 504 2996 omissa
525 2936 657 2996 taediosa
678 2935 744 2994 mihi
767 2934 933 2995 confutandi
955 2952 1047 3014 opera
1070 2955 1087 2996 e
1109 2955 1155 2996 re·
1210 3006 1221 3030 ο

54 3035 148 3114 liquiis
167 3039 239 3116 ipsis
260 3059 296 3100 ac
315 3044 430 3102 testium
451 3041 590 3102 tenuitate
605 3042 672 3120 quid
687 3041 795 3100 clicere
813 3042 968 3117 contigerit
986 3059 1156 3119 proponam.

134 3144 219 3221 Ergo
239 3145 324 3206 Ennii
347 3155 443 3206 satura
473 3149 614 3224 originem
636 3148 716 3206 duxit
738 3166 754 3206 a
778 3148 874 3224 prisca
903 3155 1000 3206 satura
1027 3148 1154 3206 scenica.

56 3244 123 3306 llum
140 3249 217 3307 enim
235 3253 391 3330 antiquitus
406 3250 527 3312 Romani
539 3261 681 3330 acceptos
697 3251 733 3310 ab
751 3251 883 3311 Etruscis
905 3271 1008 3312 uersus
1026 3251 1154 3314 Fescen-

54 3356 133 3415 ninos
158 3356 306 3433 colerent,
330 3358 507 3418 auertendae
529 3357 712 3436 pestilentiae
736 3373 823 3416 cansa
846 3365 911 3416 sunt
932 3354 1018 3414 Tusci
1039 3355 1155 3414 histrio·

55 3479 103 3520 nes
125 3464 275 3524 arcessiti:
298 3463 326 3522 hi
340 3463 487 3524 Romanos
508 3480 601 3522 nouae
620 3465 673 3522 arti
685 3464 723 3523 ita
741 3462 907 3536 conciliant,
927 3471 955 3520 ut
967 3461 1153 3520 histrionibus

56 3566 176 3627 dimissis
202 3570 318 3644 ingenui
341 3570 461 3628 iuuenes
488 3569 608 3630 Romani
638 3571 665 3627 in
698 3567 794 3628 ludum
825 3566 1031 3626 succederent.
1084 3563 1155 3623 lnde

56 3673 146 3731 mixtis
169 3672 328 3732 Tuscorum
353 3676 406 3732 arti
435 3674 813 3734 rudiusculisFescenoinis
832 3689 925 3731 nouus
941 3687 1050 3730 scenae
1069 3669 1154 3728 ludus

58 3786 132 3837 ortus
157 3788 218 3854 est,
245 3779 337 3839 iorma
363 3799 399 3840 ac
422 3781 541 3840 materia
567 3780 716 3855 miscella,
749 3797 833 3857 quum
857 3786 981 3838 saturam
1003 3773 1152 3834 dicebaut:
1209 3857 1219 3870 .

57 3885 177 3943 scenicis
195 3885 269 3942 euim
285 3884 460 3960 quibuslibet
482 3885 601 3944 ludicris
619 3883 738 3943 liberius
759 3884 962 3962 conglutinatis
976 3879 1093 3941 tabulae
1114 3880 1152 3938 si·

58 3987 210 4048 mulacrum
236 3990 408 4066 prodebant.
461 3991 570 4049 Verum
596 3999 738 4067 percepta
760 3991 853 4050 semel
880 3988 1011 4050 Graecae
1036 3983 1153 4044 iabulae

58 4102 204 4152 uenustate
221 4103 337 4156 suturae
359 4096 508 4156 barbaries
530 4095 704 4173 displicere:
732 4112 816 4172 quam
843 4105 939 4154 tamen
961 4090 1097 4163 Romani,
1122 4097 1152 4146 ut

59 4208 134 4257 eraut
155 4201 267 4278 recepti
289 4209 425 4279 tenaces,
451 4202 624 4280 aliquamdiu
646 4200 825 4260 retinuerunt
853 4210 940 4278 atque
963 4195 1062 4256 exodii
1082 4195 1150 4254 loco

92 4303 203 4361 bonive.
938 4297 951 4362 f
