2784 4940
511 373 741 430 ΕΝΝΙΑΝΑΕ
1093 387 1179 435 Lxlx

46 539 215 600 consentit
235 557 320 616 quam
340 539 368 596 in
392 555 511 596 numero
533 539 651 597 militum
670 537 852 598 dilectorum.
888 545 912 598 Α
932 543 1090 598 Brundusio
1105 542 1179 600 enim

46 650 97 705 ait
122 667 190 704 nrm
209 649 373 702 tramisisse!
390 641 439 718 (Τ.
463 642 649 723 Quinctius),
672 648 823 720 Corcyram
843 650 1009 706 tenuitatem
1030 655 1089 704 octo
1110 651 1179 706 miii-

48 757 112 810 irns
141 755 280 826 peditum,
310 752 441 824 equalibus
469 755 638 824 octingentis.
681 747 726 807 De
752 747 897 825 equitibus
927 750 1043 828 quidem
1070 748 1180 808 Ennius

50 857 152 916 nihil:
178 864 206 914 at
223 859 351 929 mannito
372 853 441 912 dicit
463 859 536 912 milia
555 859 666 912 militum
685 863 743 913 ocio
765 859 846 912 ducit
867 852 950 932 (lv).
986 853 1032 913 in
1049 851 1180 929 Corcyra

52 972 164 1021 autem
182 964 210 1019 in
234 959 364 1036 proxima
388 957 470 1037 Epiri
491 959 605 1017 traiecit
630 967 659 1016 et
683 959 711 1015 in
734 968 828 1018 castra
851 957 979 1019 Romana
1002 960 1112 1036 magnis
1134 959 1178 1017 iti·

51 1067 186 1126 neribus
203 1063 368 1123 contendit:
397 1063 437 1122 ibi
466 1081 530 1122 cum
552 1064 584 1123 P.
608 1063 725 1123 Villium
756 1067 916 1143 superioris
939 1065 1004 1125 anni
1028 1065 1179 1124 consulem

52 1173 241 1244 dimisisset,
271 1169 363 1246 ipsam
385 1168 586 1229 Macedoniam
615 1179 697 1228 recto
726 1169 830 1228 itinere
858 1188 912 1247 per
935 1179 1030 1229 castra
1054 1169 1179 1230 hostium

51 1286 224 1357 penetrare
246 1274 365 1354 placuit.
404 1275 488 1348 Quod
512 1293 569 1354 quo
588 1275 675 1333 modo
694 1274 777 1333 lieret
799 1292 978 1353 comparum
996 1274 1178 1352 expedirent,

51 1385 127 1443 dies
158 1383 347 1460 quadraginta
373 1383 436 1440 sine
457 1381 518 1440 ullo
541 1389 645 1439 conatu
667 1379 806 1438 sedentes
824 1379 852 1437 in
873 1389 1034 1458 conspectu
1052 1380 1177 1441 hostium

53 1490 290 1566 absumpserunt
305 1485 417 1563 (Liuius
429 1485 539 1544 XXXll
551 1486 597 1564 9).
628 1485 699 1546 Cum
716 1487 800 1544 etiam
817 1503 888 1563 spes
904 1487 1068 1564 conloquiis
1085 1495 1176 1566 temp·

56 1595 173 1655 tandae
197 1593 278 1670 pacis
301 1592 384 1650 inrita
408 1592 581 1665 cecidisset,
611 1601 677 1650 ante
699 1593 839 1649 stationes
861 1590 1052 1652 Macedonum
1080 1594 1177 1653 miultis

56 1699 189 1780 proeliis
212 1696 326 1756 leuibus
347 1698 492 1777 utrimque
514 1697 620 1757 frustra
643 1704 799 1774 pugnatum
823 1705 868 1756 est
897 1695 1009 1774 (Liuius
1030 1699 1048 1758 l.
1065 1699 1084 1758 l.
1110 1699 1175 1778 10).

57 1809 136 1867 Τιιιιι
155 1804 308 1882 Charopus
324 1805 462 1881 princeps
477 1802 672 1882 Epirotarum,
696 1803 746 1880 qui
759 1791 937 1880 ‘noctesque
955 1804 1076 1883 diesque
1097 1804 1179 1864 solli·

59 1903 163 1973 citari'
182 1909 369 1969 Flamininum
391 1909 481 1986 (Ann.
497 1928 525 1966 u.
539 1907 616 1985 338)
638 1909 791 1985 comperit,
812 1918 960 1986 pastorem
976 1910 1011 1970 ad
1026 1911 1176 1970 consulem

58 2021 166 2091 mittit,
204 2017 252 2094 qui
281 2016 305 2072 si
331 2014 398 2092 quid
424 2016 542 2092 praemii
572 2013 717 2073 relaturus
745 2024 826 2074 esset
855 2033 888 2074 se
918 2033 1015 2074 curam
1041 2015 1097 2075 Titi
1120 2035 1176 2094 qua

61 2130 247 2200 coqueretur
271 2119 431 2179 leuaturam
457 2119 596 2198 promittit
628 2121 671 2194 (u.
698 2118 760 2180 339
789 2121 863 2198 sq).
912 2119 1010 2179 Nosse
1037 2121 1111 2179 enim
1144 2139 1177 2180 se

64 2245 171 2285 omnes
193 2227 329 2284 montium
353 2243 453 2284 eorum
476 2227 603 2303 quitum
625 2228 716 2303 regiis
740 2225 843 2283 castris
869 2223 1042 2284 tenebantur
1065 2225 1177 2286 anlrac·

62 2344 113 2392 tus
143 2331 295 2406 callesque
324 2349 359 2390 ac
386 2340 499 2408 partem
529 2331 677 2408 copiarum
705 2329 895 2389 Romanarum
923 2348 980 2389 non
1006 2331 1103 2409 iniquo
1124 2350 1179 2391 nec

63 2436 234 2518 perdifficili
257 2435 335 2496 aditu
357 2453 447 2513 snper
462 2445 549 2513 caput
564 2434 688 2493 hostium
705 2436 884 2495 educturum.
905 2435 1082 2495 Flamininus
1098 2437 1177 2495 initio

63 2544 216 2604 haesitans
246 2559 303 2600 non
327 2541 399 2600 nihil
424 2541 529 2600 deinde
558 2549 692 2619 quattuor
714 2541 792 2600 milia
820 2541 897 2599 lecta
919 2541 1046 2617 peditum
1069 2553 1098 2602 et
1120 2553 1177 2603 tre·

65 2658 172 2710 centos
194 2648 308 2725 equites
332 2649 416 2706 mittit
439 2648 488 2723 qui
508 2665 524 2706 a
545 2655 664 2724 pastore
687 2649 715 2706 in
738 2648 883 2706 cacumina
898 2644 1089 2706 Macedonum
1114 2661 1178 2702 cas·

64 2758 118 2816 tris
154 2755 317 2812 inminentia
359 2752 651 2810 circumducerentur.
705 2753 787 2826 Quos
822 2758 865 2812 ille
900 2759 946 2812 uir
979 2754 1047 2809 haut
1077 2770 1178 2824 moqna

67 2885 130 2923 carm
151 2881 184 2920 re
204 2870 246 2918 set
264 2847 366 2933 ptenu'
388 2861 456 2932 fidei
474 2860 518 2932 (n.
536 2856 614 2936 342)
638 2860 665 2916 in
688 2859 826 2917 uerticem
852 2875 937 2936 quem
961 2854 1099 2934 petebant
1118 2852 1177 2913 Ro·

67 2969 143 3028 mani
166 2965 257 3025 tribus
278 2962 411 3021 noctibus
434 2961 486 3038 (fr.
503 2962 558 3042 Vl)
580 2999 622 3010 —
643 2980 756 3042 pernox
779 2963 853 3021 enim
875 2965 931 3021 iter
952 2980 1020 3020 esse
1046 2959 1179 3020 Flamini·

68 3095 121 3135 nus
138 3077 262 3132 iusserat
278 3102 320 3114 -«
338 3069 482 3146 perduxit.
526 3068 597 3127 'lum
620 3069 673 3144 illi,
696 3067 856 3127 Flaminino
879 3066 926 3126 ubi
949 3068 1061 3143 signnm
1080 3066 1115 3125 ab
1136 3068 1179 3124 eis

71 3181 187 3257 accepit
222 3185 317 3236 castra
354 3175 478 3234 hostium
504 3172 635 3231 omnibus
661 3174 755 3251 copiis
785 3182 992 3251 oppugnante,
1026 3173 1122 3232 subito
1151 3172 1179 3229 in

69 3287 244 3348 lllacedonas
259 3285 287 3340 in
308 3280 497 3339 Flamininum
520 3295 625 3336 uersos
648 3279 784 3355 impetum
808 3295 823 3336 a
847 3286 930 3355 tergo
952 3279 1095 3337 iecerunt.

151 3390 193 3448 lta
213 3388 349 3447 contexui
361 3384 432 3444 Liuii
447 3385 510 3443 iere
527 3380 694 3461 (xxxiia.
715 3382 762 3443 10.
784 3383 838 3460 11)
855 3393 884 3442 ei
895 3382 979 3442 Ennii
994 3384 1092 3443 uerbis
1108 3390 1179 3460 pott-

72 3511 117 3559 tae
133 3496 335 3567 narrationem,
348 3491 424 3550 unde
441 3491 551 3567 aliquot
565 3506 669 3546 uersus
682 3485 787 3547 Cicero
802 3488 857 3548 'liti
872 3491 1058 3567 praenomine
1075 3487 1178 3548 Flami·
1230 3552 1234 3560 ¹

71 3609 135 3664 nino
148 3613 175 3662 et
189 3602 286 3660 Attico
299 3598 441 3656 communi
457 3595 617 3654 admonitus
629 3596 745 3653 ineunte
759 3592 870 3653 Catone
884 3595 993 3652 maiore
1006 3593 1040 3652 ad
1054 3593 1179 3652 Atticum

72 3729 149 3769 sunm
169 3703 405 3766 accommodauit.
429 3700 474 3760 De
487 3700 590 3777 quibus
603 3698 761 3758 Columnae
774 3698 963 3776 Merulaeque
984 3697 1180 3757 hariolationi·

73 3816 122 3874 bus
139 3813 301 3889 Ritterique
319 3809 514 3886 disputatione
531 3804 668 3884 (Ephem.
683 3807 770 3884 antiq.
787 3804 911 3863 Darmst.
929 3822 955 3862 a.
973 3802 1051 3863 1840
1069 3823 1097 3881 p.
1117 3803 1179 3862 379

73 3922 131 3998 sq.)
143 3917 262 3977 reiectis
284 3917 391 3994 optime
405 3913 544 3972 Nicolaus
559 3910 708 3970 lladuicus
723 3909 831 3989 Opnsc.
849 3909 930 3968 acad.
947 3908 973 3967 ll
988 3927 1017 3986 p.
1037 3907 1097 3966 290
1113 3924 1178 3983 sqq.

76 4024 222 4084 disseruit:
246 4024 293 4099 qui
320 4030 348 4079 et
370 4019 441 4078 Liuii
464 4036 548 4096 quam
567 4019 692 4095 exposui
713 4016 906 4075 narrationem
930 4012 1065 4072 indicauit
1085 4021 1114 4070 et
1132 4029 1178 4070 re·

75 4132 162 4190 licuos
193 4129 241 4204 qui
269 4127 391 4186 eandem
420 4143 482 4183 rem
506 4124 663 4198 tetigerunt
692 4123 866 4199 scriptores·
885 4121 1004 4181 asciuit:
1033 4117 1178 4177 Plutarchi

75 4213 253 4296 Flamininum
272 4234 302 4308 4,
316 4231 466 4306 Polybium
482 4229 590 4289 XXVll
606 4227 654 4302 13,
670 4227 829 4286 Diodorum
843 4225 971 4286 Siculum
986 4225 1014 4283 in
1030 4225 1179 4302 excerptis
