2796 4948
497 337 688 398 INCERTO
701 339 793 398 nvn
815 340 1044 398 LIBRORVM

750 508 798 578 XI

548 630 668 717 topper
691 647 790 718 quam
810 648 906 697 nemo
927 626 1046 696 melius
1064 629 1125 698 scit

744 759 804 829 XII

569 931 577 947 .
631 878 673 947 ad
693 879 858 947 armenias
879 877 983 970 ipsius
1004 880 1138 948 easdem

739 1013 812 1082 XIII

631 1130 693 1200 hae
711 1131 806 1200 niues

732 1265 811 1336 XIV

757 1383 866 1454 buxus
887 1403 1027 1450 araneae

744 1517 809 1588 XV

548 1635 657 1704 buxus
678 1635 781 1721 uicta,
808 1639 907 1706 laxus
928 1637 1026 1702 tonsa

732 1783 812 1853 XVI

426 1906 525 1995 atque
548 1926 660 1997 genua
682 1901 864 1994 comprimit
887 1905 1068 1993 artagena
1099 1959 1107 1976 ,

219 2111 257 2154 est
277 2103 342 2154 libro
360 2103 491 2154 secundo)
527 2105 564 2156 XI
583 2102 830 2170 aucupatam.
857 2101 977 2152 ‘Sinnius
993 2116 1054 2152 uero
1073 2103 1124 2152 sic:
1143 2111 1258 2169 topper
1273 2099 1321 2150 lor-

219 2182 288 2223 tasse
306 2172 374 2223 ualet
393 2173 418 2221 in
432 2174 497 2223 Enni
512 2182 536 2224 et
548 2175 626 2224 Pacui
645 2175 758 2240 scriptis.
779 2172 849 2238 apud
867 2172 976 2222 Ennium
995 2181 1046 2222 est:
1067 2173 1172 2237 topper'
1193 2189 1216 2222 e.
1232 2188 1254 2234 q.
1269 2187 1288 2220 s.

253 2243 301 2291 Xll
320 2242 426 2292 Seruius
448 2243 474 2291 in
489 2243 552 2292 Aen.
568 2245 669 2296 111540
688 2245 822 2293 ‘dixerunt
839 2243 915 2290 etiam
937 2242 1033 2304 antiqui
1054 2249 1200 2292 armenta
1219 2243 1244 2290 ln
1255 2240 1322 2290 lemi-

220 2313 289 2361 niuo.
317 2313 413 2362 Ennius
427 2312 474 2361 ...'
503 2312 600 2363 Nouius
614 2329 640 2380 p.
657 2313 714 2373 too,
728 2312 762 2364 20
781 2315 880 2362 ‘arma
889 2320 942 2361 uta
955 2327 1048 2377 genere
1061 2319 1151 2362 neutro
1165 2311 1321 2376 plerumque;

220 2379 343 2431 femiuiuo
364 2381 475 2430 Ennius:
499 2382 508 2430 i
516 2383 608 2448 psius
623 2382 662 2432 ad
681 2389 843 2432 armentas
862 2382 1004 2440 eosdem;
1025 2381 1058 2431 ad
1070 2383 1205 2432 armenta!
1236 2380 1323 2430 Paulus

221 2449 289 2500 Festi
303 2465 329 2514 p.
345 2450 408 2500 411.
434 2454 625 2502 ‘armentum
645 2451 672 2502 ld
685 2466 766 2518 genus
777 2451 879 2515 pecoris
892 2449 1051 2515 appellatur,
1070 2450 1139 2515 quod
1153 2459 1192 2500 est
1211 2451 1322 2501 idoneum

220 2519 254 2569 ad
269 2533 335 2584 opus
352 2535 488 2569 armorum.
521 2523 638 2573 Inuenies
653 2529 737 2572 tamen
754 2519 876 2570 feminine
894 2528 1056 2570 armentas
1075 2520 1145 2584 apud
1157 2521 1265 2570 llumum
1282 2533 1323 2584 po-

222 2589 318 2638 situm!
353 2590 394 2638 Ad
407 2589 467 2640 Caci
481 2592 526 2651 qui
538 2591 618 2642 boues
632 2591 747 2640 Herculis
761 2590 882 2654 abegerat
897 2591 1066 2640 narrationem
1081 2589 1159 2640 refert
1173 2589 1294 2640 Columna

256 2658 318 2708 Xlll
345 2659 458 2708 Incertus
479 2659 511 2708 de
533 2662 670 2726 generibus
689 2660 819 2710 nominum
843 2674 869 2723 p.
889 2658 923 2709 89
945 2659 986 2709 ed.
1007 2660 1100 2724 Haupt.
1133 2660 1205 2708 ‘niu
1229 2658 1325 2725 generis

222 2727 352 2788 feminini,
371 2736 399 2777 ut
412 2728 509 2778 Ennius
524 2730 569 2777 ...'
640 2729 701 2780 XIV
719 2729 816 2778 Nonius
829 2743 856 2793 p.
873 2727 932 2788 192,
947 2729 980 2778 13
1004 2733 1157 2782 ‘araneae
1177 2736 1203 2778 et
1215 2727 1324 2778 feminini

222 2805 280 2847 sunt
293 2799 396 2863 generis
408 2821 444 2834 ·-
457 2823 490 2834 -
506 2794 602 2848 Ennius
618 2800 662 2848 ...'
732 2798 780 2847 XV
800 2796 1059 2862 Noniusp.194,23
1080 2798 1212 2848 ‘buxum
1229 2798 1324 2863 generis

221 2867 304 2918 neutri
383 2866 500 2916 feminini
516 2869 613 2918 Ennius
628 2868 680 2917 ...'
751 2867 810 2916 XVI
834 2867 947 2916 Isidorus
965 2866 1034 2933 Orig.
1057 2867 1092 2916 XI
1114 2867 1127 2916 1
1154 2871 1254 2932 ‘genua
1272 2874 1324 2916 sunt

222 2936 414 2986 commissiones
427 2935 552 2986 femorum
567 2945 590 2987 et
607 2951 707 2986 crurum
724 2945 748 2985 et
762 2937 830 2985 dicta
843 2951 927 3001 genua
939 2951 968 2986 eo
983 2935 1051 2999 quod
1068 2937 1094 2985 in
1109 2944 1180 2985 utero
1195 2937 1246 2986 slat
1258 2937 1324 3001 genis

225 3006 352 3070 opposita.
388 3004 529 3055 cohaerent
551 3008 618 3056 enim
639 3008 687 3055 ibi'
708 3005 790 3070 (sibi
806 3005 853 3054 ibi
865 3004 958 3070 uulgo)
978 3010 1018 3055 ‘et
1037 3013 1146 3070 cognata
1163 3014 1223 3054 sunt
1241 3006 1323 3063 oculis,

225 3075 386 3124 lacrImarum
400 3073 528 3124 indicibus
541 3083 565 3126 et
578 3075 777 3126 misericordIae.
804 3074 867 3124 Nam
883 3076 986 3140 egenis
998 3088 1082 3140 genua
1097 3075 1225 3127 dicuntur.
1254 3075 1323 3124 Deni-

224 3159 273 3206 que
291 3143 470 3208 oomplicatum
489 3145 562 3210 gigni
581 3145 736 3208 formamque
756 3143 885 3194 hommem
903 3143 1003 3202 dicunt,
1027 3145 1063 3194 ita
1079 3151 1106 3194 ut
1124 3160 1210 3210 genua
1230 3159 1323 3194 sursum

223 3214 288 3272 sint,
312 3213 404 3275 quibus
423 3214 490 3262 oculi
508 3214 663 3274 formantur,
687 3221 715 3262 ut
733 3214 790 3264 caui
809 3220 833 3262 et
852 3214 975 3263 reconditi
995 3213 1064 3262 fiant.
1098 3214 1210 3264 Ennius:
1235 3223 1324 3276 atque

222 3297 327 3348 genua
348 3283 531 3347 comprimit
553 3292 622 3333 arte
642 3298 732 3349 gena.
767 3282 828 3332 lude
846 3291 884 3332 est
901 3283 1105 3345 quodhomineS‚
1125 3283 1187 3332 dum
1201 3283 1325 3349 adgenna

222 3367 250 3401 se
263 3359 433 3416 prosternunt,
447 3353 532 3400 statim
545 3352 715 3402 lacrimantur.
734 3351 823 3401 Voluit
836 3353 903 3401 enlm
917 3366 960 3401 eos
974 3360 1064 3402 natura
1076 3359 1174 3402 uterum
1189 3361 1325 3402 maternum

222 3422 365 3481 reuocare',
393 3420 575 3487 (remorare
598 3421 681 3472 Gueli.
702 3423 761 3471 duo.
782 3421 992 3470 rememorari
1014 3419 1107 3486 uulgo)
1130 3422 1194 3471 ‘ubi
1214 3423 1285 3485 quasi
1302 3424 1325 3471 in

222 3491 334 3540 tenebris
349 3491 523 3551 considebant,
542 3498 676 3554 antequam
690 3490 852 3556 peruenirent
868 3490 901 3541 ad
914 3489 1015 3540 lucem.’
1044 3491 1130 3540 Verba
1142 3507 1209 3554 quae
1222 3501 1279 3540 sunt
1293 3492 1326 3541 ad

223 3575 323 3626 genua
396 3560 603 3610 lacrimantes
618 3561 741 3611 Columna
760 3567 889 3622 tamquam
902 3559 1079 3610 hexametrum
1092 3561 1167 3610 Ennii
1181 3560 1326 3626 fragmentis

223 3630 329 3680 adiecit:
345 3643 490 3694 perperam.
520 3630 603 3692 Atque
615 3631 679 3680 adeo
695 3631 727 3680 de
739 3630 817 3679 altero
832 3630 854 3678 si
866 3629 906 3678 dis
919 3629 1004 3694 placet
1016 3629 1091 3678 Ennii
1106 3629 1214 3679 frustulo
1229 3631 1325 3680 dubito:

223 3698 292 3761 quod
317 3698 386 3748 haud
409 3699 462 3748 seio
488 3713 520 3747 an
547 3713 597 3748 non
621 3700 751 3749 diuersum
778 3698 811 3748 sit
834 3698 866 3747 ab
890 3697 946 3747 his:
973 3699 1193 3764 imprimitque
1225 3714 1322 3764 genae

222 3782 334 3834 genam
362 3765 455 3834 [Trag.
477 3767 560 3832 436],
594 3783 658 3832 quae
678 3769 764 3818 nescIo
783 3767 840 3829 quis
863 3767 897 3818 ad
914 3782 995 3832 genae
1014 3783 1087 3817 usum
1111 3769 1325 3833 comprobandum
1377 3829 1378 3834 1

222 3837 315 3886 Isidori
332 3837 418 3887 uerbis
436 3838 591 3904 ascripserit.
628 3838 680 3888 Neo
699 3837 766 3888 enim
787 3835 832 3886 illa
847 3843 875 3884 ut
897 3851 963 3885 nune
984 3837 1101 3903 leguntur
1117 3838 1254 3900 quicquam
1275 3839 1326 3887 sani
1377 3839 1378 3858 ¹

223 3913 266 3955 aut
284 3906 317 3956 ad
336 3921 390 3957 rem
404 3907 588 3958 accommodati
604 3909 745 3968 continent,
764 3921 810 3956 nec
825 3913 893 3955 earet
906 3913 934 3954 ut
947 3914 1009 3970 puto
1028 3907 1071 3956 hic
1083 3905 1153 3955 loeus
1170 3907 1262 3957 alienIs
1274 3909 1326 3970 qui-

220 3975 329 4026 busdam
345 3976 525 4028 additamentis

237 4155 299 4209 ·12
322 4151 411 4222 lpsIus
427 4152 463 4206 ad
485 4142 625 4208 armenias
643 4142 758 4208 eosdem
776 4146 882 4209 Nonius
966 4153 1000 4210 15
1027 4149 1120 4210 uincta
1139 4148 1251 4210 Iunius.
1275 4153 1327 4213 icta
1377 4197 1378 4214 r

220 4233 367 4291 Mercerua
451 4243 533 4292 taxus
545 4237 655 4294 Iunius.
671 4239 743 4294 taxis
759 4236 824 4292 titre·
1377 4229 1378 4320 1
