2752 4944
515 343 761 414 ltntlovrns

614 511 664 582 IV

181 629 363 726 lusigneitu
384 632 454 701 iere
475 635 545 699 turn
567 630 656 700 milia
676 630 813 700 militum
836 635 912 702 ouo

183 733 284 804 Duxit
305 734 444 804 dilectos
466 732 586 803 beilum
604 733 747 822 tolerare
767 737 921 826 putentes

642 849 682 886 Η

180 951 356 1026 Sollicitari
384 962 418 1024 te
441 953 513 1024 Tite
539 851 795 1060 sirXruetesque
818 955 957 1050 diesque

504 1089 521 1126 s
746 1091 762 1126 r

625 1145 641 1184 ᾗ
791 1151 798 1168 ι

182 1221 211 1293 0
234 1225 305 1294 Tite
325 1225 353 1294 si
375 1225 453 1318 quid
471 1231 504 1294 te
521 1225 658 1311 adiuero
681 1249 837 1298 curamue
858 1227 993 1296 ieuasso

82 1334 150 1396 340
180 1325 274 1414 Quae
295 1351 383 1398 nunc
404 1335 437 1398 te
454 1327 568 1422 nequit
586 1339 621 1399 et
641 1335 756 1400 uersat
772 1331 805 1400 in
827 1335 962 1422 pertore
983 1329 1062 1416 fixa,

179 1431 306 1524 Ecquid
328 1433 389 1502 en'i
406 1431 554 1524 praemi-i
657 1495 661 1499 .

501 1567 517 1600 s
743 1567 760 1604 r

621 1623 638 1658 ὴ

178 1701 236 1771 ille
253 1703 307 1773 uir
324 1701 405 1772 haut
419 1725 544 1798 magna
561 1725 635 1774 cunr
654 1726 690 1774 re
708 1709 759 1774 sei
775 1705 895 1796 plenus
914 1705 992 1776 fidei

177 1907 263 2026 Hine
281 1945 350 1994 nox
367 1926 531 2016 processit
548 1822 653 1995 steiiyils
672 1925 864 1996 ardentibus
885 1927 972 2016 apta.

178 2141 270 2212 Sicut
288 2142 317 2212 si
341 2143 473 2236 quando
489 2043 775 2216 uincligtlrlenatica
796 2141 898 2212 uelox

109 2341 144 2390 1v
158 2342 304 2392 Priscianus
314 2345 324 2393 1
336 2359 363 2410 p.
372 2345 455 2397 bbbP.
470 2346 495 2412 (i
509 2345 629 2412 puin.)
644 2345 742 2395 ‘finalis
753 2345 873 2394 dictionis
886 2343 1043 2394 subtrahitur
1055 2359 1080 2394 m
1093 2345 1120 2393 in
1130 2359 1185 2394 me·

74 2411 292 2476 turpiumque,
316 2415 339 2463 si
352 2430 368 2463 a
379 2415 463 2465 uuuaii
480 2417 571 2482 incipit
585 2431 694 2479 sequens
709 2415 787 2464 dictio
853 2415 1021 2464 uetustissimi
1036 2422 1184 2464 tamennon

74 2495 176 2546 semper
195 2498 251 2532 eam
269 2483 459 2534 subtrahebant.
492 2487 589 2536 Ennius
611 2487 637 2534 in
656 2485 680 2534 X
697 2485 827 2534 annalium
852 2485 905 2532 ...⁹
976 2484 999 2532 V
1019 2483 1107 2534 cicero
1127 2483 1182 2534 Cat.

74 2551 135 2599 mai.
152 2551 176 2611 l,
193 2553 206 2602 l
225 2557 255 2602 ‘u
269 2553 342 2604 Tite
433 2557 575 2620 praemi?
598 2555 669 2604 Licet
687 2556 756 2604 enim
775 2553 838 2604 mihi
856 2553 974 2603 uersibus
992 2553 1090 2602 eisdem
1109 2553 1183 2603 aii'ari

74 2629 115 2678 te,
134 2622 230 2682 Attice,
254 2623 348 2685 quibus
366 2623 459 2674 effatur
471 2626 640 2675 Flamininum
659 2625 718 2674 itte
735 2625 798 2672 uir'
811 2639 834 2671 e.
849 2639 874 2685 q.
888 2637 909 2672 s.
929 2625 1096 2684 ‘quamquem
1114 2631 1183 2672 certo

74 2691 143 2750 scio,
162 2705 211 2741 nun
225 2699 253 2740 nt
267 2691 437 2743 Flamininum
449 2695 644 2744 sollicitari·
665 2711 687 2743 e.
703 2710 728 2756 q.
743 2707 765 2742 s.
836 2693 871 2741 Vi
889 2691 1033 2741 Macrobius
1050 2690 1103 2740 Sat.
1118 2692 1152 2740 Vi
1169 2692 1181 2742 l

75 2775 102 2824 p.
116 2759 237 2810 etstan.
259 2765 346 2812 ‘axem
366 2779 454 2813 umero
471 2771 571 2827 torquet
588 2765 670 2814 steiiis
688 2763 836 2812 ardentibus
854 2769 950 2828 aptum.
977 2760 1050 2825 [Aen.
1070 2761 1105 2810 1v
1120 2759 1182 2826 tut]

77 2831 171 2879 Ennius
184 2832 210 2880 in
225 2833 323 2896 primu:
343 2829 464 2899 [XXVII]
479 2844 503 2884 et
515 2836 541 2883 in
555 2835 642 2884 tertio:
664 2831 745 2899 [er]
760 2841 784 2882 et
798 2833 823 2881 in
836 2831 937 2882 decimo
1031 2829 1135 2895 (idem
1151 2832 1183 2880 iu

76 2897 116 2946 X⁰
130 2899 241 2964 Salisb.)
310 2903 355 2951 vn
373 2903 463 2952 Festus
483 2919 511 2969 p.
530 2905 579 2954 177
593 2905 627 2953 Μ.
649 2903 760 2952 ‘nictit
778 2902 849 2951 uanis
870 2903 896 2951 in
915 2900 1053 2952 odorandis
1073 2900 1184 2951 ferarum

74 3023 285 3036 --—-..

117 3095 167 3158 3³⁶
178 3091 319 3162 insignata
328 3091 413 3165 Sunq.
422 3093 508 3165 naqa.
517 3093 657 3148 Haiberat.
671 3092 802 3164 insignita
812 3094 898 3148 ceteri
979 3091 1095 3146 militum
1106 3091 1182 3159 octo]

76 3195 465 3266 cuncubinarum.
478 3196 574 3259 nus
657 3200 709 3258 aar
725 3177 844 3252 ruentis
859 3195 944 3268 siu.
961 3195 1079 3253 brienus
1094 3195 1182 3269 naqa.

79 3279 199 3338 detectos
225 3284 312 3338 ceteri
395 3285 524 3338 tollerare
552 3281 637 3356 Sanq.
744 3286 797 3342 338
824 3283 884 3336 ⁰tite
906 3279 1183 3337 nuruumque

80 3363 152 3428 ortt.
220 3368 262 3422 sie
278 3365 483 3422 annnacae
553 3365 739 3423 noetesOebl.
830 3364 883 3424 339
901 3365 1088 3421 ActieeOebi.
1159 3367 1182 3420 si

80 3449 143 3519 quid
159 3459 184 3506 te
200 3451 339 3506 adiuuem
359 3451 428 3518 Par.
445 3452 539 3523 siquid
559 3455 632 3524 (quit
652 3449 763 3508 Monac.
782 3453 812 3520 c)
836 3467 890 3522 ego
911 3449 1006 3505 adinto
1030 3448 1142 3505 Monac.
1165 3467 1182 3504 n

79 3534 95 3586 b
114 3551 129 3588 c
150 3535 224 3592 Oebl.
252 3537 275 3591 si
297 3536 365 3607 quid
386 3553 441 3610 ego
462 3537 598 3593 adiuuem
620 3536 689 3594 Gud.
775 3536 901 3604 leuasse]
922 3531 1077 3590 l‘leuauero
1098 3549 1183 3589 munte

80 3622 185 3692 antiqua
198 3623 388 3693 supererunt
402 3622 471 3677 Par.
577 3617 640 3682 340‘
648 3630 673 3677 te
689 3637 762 3676 nunc
779 3619 854 3677 Oebl.
940 3623 1036 3673 uersat
1056 3617 1105 3686 in].
1121 3635 1184 3673 uer-

82 3711 151 3759 satur
161 3703 272 3762 Munue.
287 3722 303 3760 c
366 3705 448 3762 firma
460 3707 562 3779 ecquid
577 3709 629 3762 erit
641 3707 711 3762 Gud.
726 3705 783 3760 fixa
793 3712 821 3760 et
834 3717 889 3778 qua
903 3703 1068 3773 deprimeris
1081 3699 1183 3773 ecquid

82 3789 120 3854 (et
140 3791 204 3861 quid
222 3789 335 3846 Monac.
356 3791 385 3860 b)
409 3793 460 3846 erit
478 3792 590 3848 Monac.
610 3809 628 3846 α
651 3792 666 3846 b
685 3807 702 3846 e
725 3789 802 3846 Oebl.
907 3791 958 3847 341
981 3787 1083 3859 premii
1111 3787 1181 3843 uret.

82 3907 160 3973 precii
173 3906 287 3964 Monac.
305 3925 324 3962 a
345 3907 361 3962 b
382 3923 399 3963 c
422 3905 498 3964 Oebl.
522 3880 632 3984 {Equiti
648 3911 700 3964 erit
716 3909 832 3980 praemii
850 3905 920 3962 Pur.
938 3921 993 3978 mu.
1009 3920 1095 3960 manu
1111 3907 1181 3960 auti-

83 4005 131 4058 qua
232 3999 286 4052 342
314 3994 360 4048 ille
387 3994 428 4048 uir
450 3995 550 4050 ennius
572 3993 728 4050 Mensae
813 3993 880 4048 baut
907 3987 1055 4046 Monac.b
1081 4004 1107 4043 c.
1134 3995 1182 4044 aut

84 4073 146 4131 Gau.
167 4077 244 4133 haud
265 4079 352 4132 ceteri
435 4094 499 4134 curu
520 4095 624 4150 magne
643 4096 673 4134 re
693 4077 806 4134 Monac.
831 4095 849 4130 a
872 4077 888 4131 b
910 4091 936 4129 e.
958 4074 1044 4128 ruuita
1064 4090 1128 4128 cum
1151 4089 1181 4127 re

84 4157 145 4217 Gau.
230 4169 273 4217 set
300 4161 370 4218 θειά-
401 4162 454 4218 sed
480 4166 565 4218 ceteri
648 4163 705 4218 fide
729 4161 805 4218 oebt.
910 4151 1181 4218 austreberta.

83 4240 145 4300 haec
157 4245 256 4302 Satri.
339 4247 614 4318 praecessurum
694 4250 772 4318 ‚att
794 4246 875 4302 sicuti
891 4246 914 4300 si
930 4241 1042 4316 quando
1057 4239 1183 4316 Scuiiqer

930 4337 979 4400 4„
