2784 4940
498 379 726 436 ΕΝΝΙΑΝΑΕ
1106 392 1168 440 LIX

52 552 118 600 tero
146 545 266 615 bostem,
293 548 424 602 breuitate
450 548 555 603 bobiles
581 555 608 602 et
633 565 695 606 com
717 547 899 604 mucronibus.
951 545 1030 623 Ergo
1058 549 1086 606 in
1111 549 1169 610 boc

52 647 135 705 libro
167 645 274 708 Ennius
305 648 472 708 Hannibalis
500 668 548 708 res
575 668 646 729 quas
675 651 702 708 in
726 649 863 727 Hispania
890 654 984 726 gessit
1011 671 1104 730 usque
1132 655 1168 714 ad

53 755 210 812 transitum
231 753 348 833 Alpium
370 757 519 816 cecinerit.
565 753 636 814 Nam
658 755 735 834 quod
754 755 863 832 Hugius
887 756 953 817 lunio
975 758 1069 818 annali
1091 759 1168 819 bella

54 876 136 936 quae
159 859 278 937 priunum
301 870 330 920 et
351 860 510 921 secundum
532 861 667 920 Punicum
690 862 905 937 intercessere,
931 861 1077 936 lllyricum
1100 863 1166 925 Gal·

53 965 207 1043 licumque
229 966 336 1026 ascribi
359 966 461 1041 uoluit,
483 966 550 1026 mibi
574 983 671 1044 parum
693 964 845 1044 probabile
868 977 913 1028 est
932 974 1049 1046 potitam
1071 987 1167 1030 rerum

52 1071 230 1132 Punicarum
252 1071 406 1131 desursum
424 1073 628 1150 interrupisse,
651 1074 699 1152 qui
720 1072 834 1151 quidem
854 1081 937 1148 gesta
957 1071 1082 1152 Philippi
1101 1093 1167 1153 per·

52 1177 191 1237 tractatis
215 1178 327 1237 demum
350 1176 408 1236 illis
431 1178 518 1238 bellis
542 1197 598 1238 uno
623 1188 726 1239 tenore
748 1179 918 1238 deducenda
941 1179 1100 1241 incohauit:
1126 1189 1167 1242 in·

50 1302 118 1342 seco
145 1285 230 1342 Musa
257 1305 342 1343 mono
372 1289 562 1346 Romanorum
589 1289 771 1360 induperator
801 1289 881 1357 Quod
907 1291 1020 1361 quasque
1045 1292 1073 1346 in
1100 1291 1168 1348 bello

48 1395 143 1466 gessit
161 1410 222 1448 conr
243 1409 309 1467 rege
327 1394 456 1465 Pbib'ppo
479 1388 522 1467 (X
540 1389 575 1448 lr.
588 1388 628 1469 1).
673 1390 830 1450 Praeterea
853 1409 957 1450 uersus
980 1390 1083 1469 quibus
1109 1391 1166 1450 llu-

51 1497 124 1572 gius
149 1496 284 1556 tumultus
299 1493 428 1555 Gallicos
449 1496 605 1572 significari
617 1497 732 1571 statuit,
756 1513 809 1554 nos
829 1494 864 1554 ad
886 1504 1017 1574 quartum
1034 1497 1166 1556 annalem

52 1602 256 1679 releganimus
281 1602 332 1679 (lr.
349 1601 421 1680 Vl);
456 1601 530 1663 alter
550 1611 662 1678 autem,
696 1619 754 1680 quo
777 1601 867 1677 lllyrii
890 1603 1070 1662 nominantur
1093 1605 1164 1682 (inc.

52 1708 120 1766 sed.
152 1705 276 1786 XLIV),
309 1718 428 1787 praeter
452 1710 657 1770 necessitatem
683 1708 718 1769 ad
746 1709 838 1786 ipsum
866 1708 973 1768 bellum
1003 1708 1165 1783 lllyriorum

52 1815 203 1888 refertur,
235 1816 284 1892 qui
306 1833 370 1873 cum
392 1814 460 1874 alibi
488 1823 545 1873 tum
573 1815 601 1872 in
628 1813 708 1874 bello
732 1814 923 1876 blaoedonico
947 1814 1048 1875 baberi
1075 1819 1167 1895 potuit

53 1920 137 1979 conl.
163 1919 243 1978 Liuio
265 1917 362 1978 XXXI
378 1919 428 1980 34.
446 1919 496 1980 35.
511 1920 561 1980 40.

145 2023 268 2085 Restant
295 2027 406 2104 aliquot
435 2036 463 2086 et
490 2027 591 2105 plures
618 2026 733 2105 quidem
757 2043 842 2103 quam
864 2027 928 2103 ipse
957 2029 1064 2088 uellem
1086 2031 1164 2091 citati

54 2149 94 2190 ex
114 2130 174 2190 boc
196 2129 271 2190 libro
290 2150 405 2207 uersus,
428 2150 502 2210 quos
523 2151 586 2194 cum
602 2134 629 2190 in
649 2140 728 2191 certa
749 2131 820 2190 aede
841 2132 999 2192 conlocare
1021 2150 1078 2192 non
1098 2153 1165 2212 pos·

55 2256 139 2312 sem,
171 2255 187 2296 a
216 2238 323 2296 ceteris
347 2240 512 2315 segregant.
563 2238 607 2298 De
635 2255 755 2318 quorum
779 2238 878 2315 primis
901 2239 1013 2298 duobus
1036 2246 1169 2302 mulserat

54 2349 112 2402 boc
140 2362 240 2402 nocem
268 2349 436 2419 compulsam
460 2349 588 2419 fluctibus
606 2354 709 2422 pontus
734 2341 806 2422 (Xl)
835 2353 865 2404 et
890 2350 1052 2406 alternare
1076 2354 1167 2423 cupit.-

54 2455 128 2508 otter
153 2467 285 2525 pugnare
300 2457 434 2523 paratust
455 2447 541 2531 (ΧΠ)
573 2451 630 2510 boc
652 2448 785 2528 procliue
809 2459 854 2508 est
877 2450 1051 2527 intellegere
1074 2469 1165 2530 posse

52 2573 110 2615 eos
133 2554 169 2614 ad
192 2554 272 2613 buius
300 2553 370 2614 belli
393 2557 549 2616 certamina
571 2555 683 2615 naualia
708 2557 873 2633 pertinere,
905 2559 1035 2635 apertius
1058 2560 1165 2636 signib-

52 2679 125 2720 care
146 2660 335 2719 occasionem
354 2678 411 2719 non
432 2661 510 2720 licet.
557 2659 667 2732 Quibus
686 2670 808 2740 possunt
829 2681 866 2722 ex
884 2664 1001 2722 incertis
1017 2679 1075 2723 non
1096 2664 1166 2725 nulli

52 2766 189 2826 eiusdem
215 2767 334 2842 generis
363 2785 466 2827 uersus
494 2767 628 2844 adiungi:
657 2773 743 2827 odem
772 2787 888 2844 compos
909 2772 991 2828 babet
1016 2775 1166 2830 molanum

51 2877 175 2934 renonibus
196 2877 282 2948 longia
302 2873 374 2950 (inc.
393 2874 455 2974 sedi
474 2872 569 2952 XlX),
592 2884 617 2934 et
632 2878 727 2933 melior
745 2881 827 2934 nouis
843 2895 926 2950 quom
943 2893 1017 2950 quae
1036 2880 1165 2934 stlotcrio

47 2989 151 3056 portat
165 2976 263 3056 (XX),
285 2985 388 3055 ingenti
406 2984 483 3039 ondit
497 2998 582 3039 curso
603 3002 658 3056 quc
674 2984 797 3040 redditus
819 2992 903 3042 ternae
925 2977 1101 3059 est<xx1)‚
1126 2980 1163 3040 sl·

52 3085 174 3163 quidem
196 3083 272 3143 bunc
288 3091 377 3163 poeta
394 3087 431 3146 de
449 3087 513 3146 naui
530 3085 649 3174 extulit,
675 3095 704 3145 et
725 3089 865 3146 bortotore
880 3090 947 3146 bono
961 3091 1046 3161 priua
1060 3105 1163 3160 quom

48 3195 156 3268 fioribus
182 3201 266 3250 termo
298 3191 422 3272 (XXll).
473 3193 659 3252 Hortatorem
688 3193 763 3252 onim
789 3192 898 3252 Ennius
928 3191 997 3252 dicit
1028 3208 1092 3250 eum
1118 3191 1165 3268 qui

53 3297 106 3357 ‘in'
128 3299 199 3356 mari
220 3299 349 3375 remiges
372 3300 519 3359 hortatur'
551 3298 659 3376 (Plauti
682 3297 801 3358 Mercat.
827 3296 923 3375 696),
952 3313 1037 3375 quem
1061 3294 1165 3356 Graeci

53 3395 213 3480 κελευστὴν
235 3404 444 3482 adpeltabam..
476 3404 569 3465 Etiam
592 3405 730 3464 incertior
748 3423 797 3464 res
817 3412 863 3463 est
882 3401 919 3461 do
942 3400 1005 3460 his:
1030 3407 1094 3460 dum
1109 3407 1166 3460 otc·

52 3531 121 3570 otum
143 3518 249 3570 rectum
271 3521 376 3571 teneam
398 3529 552 3586 nocentque
574 3514 720 3586 gubernem
744 3508 870 3588 (XXlll)
896 3516 941 3567 et:
970 3511 1165 3566 baudomere

53 3619 186 3691 estquod
206 3623 319 3676 intristi
334 3637 397 3677 cum
417 3621 501 3676 corde
520 3619 660 3692 perbereos
682 3615 817 3692 (XXIV).
850 3614 979 3688 Quorum
999 3611 1056 3671 boo
1074 3629 1163 3690 prop·
1274 3690 1278 3698 Ι

53 3731 101 3780 ter
124 3720 286 3796 ambiguam
310 3721 490 3798 gubernandi
517 3724 663 3782 notionem
690 3740 747 3782 non
777 3719 946 3779 necessario
971 3715 1008 3776 ad
1031 3733 1092 3774 rem
1114 3733 1164 3776 na-

54 3827 153 3886 ualem
172 3825 308 3886 refertur.
351 3826 433 3886 lllius
453 3835 549 3886 autem
571 3827 740 3888 sententiam
764 3845 818 3887 nec
841 3824 970 3883 editores
994 3822 1164 3900 superiores

54 3953 112 3992 nec
134 3932 243 4010 llugius
264 3941 487 4011 perspexerunt.
540 3931 796 3991 Adhaerescentes
816 3930 890 3988 enirn
910 3927 1013 3988 Isidori
1033 3929 1163 3987 testimo-

55 4036 104 4094 nlo
129 4035 178 4112 qui
198 4032 296 4114 (Orig.
312 4036 382 4096 XlX
400 4036 436 4116 2)
455 4046 545 4096 totum
563 4053 678 4095 uersum
696 4036 735 4094 ita
756 4035 854 4095 citauit
876 4043 906 4093 ot
921 4039 1032 4094 clauom
1050 4051 1077 4092 e.
1092 4052 1120 4112 q.
1138 4053 1161 4094 s.

54 4141 131 4201 banc
156 4158 224 4199 esse
247 4141 283 4201 de
313 4143 461 4202 exercitiis
483 4141 678 4200 Romanorum
700 4139 852 4200 naualibus
874 4140 1074 4218 depromptam
1097 4159 1162 4219 par·

52 4247 173 4308 tioulam
195 4245 415 4310 arbitrabantur.
465 4248 505 4306 At
530 4265 629 4310 ueram
657 4264 761 4307 uersus
783 4246 914 4324 speciem
939 4247 1067 4306 seruauit
1088 4245 1164 4308 baud
