2770 4946
582 375 936 435 Tntuonnmtvm

719 543 802 614 XIV

674 645 848 739 Iphigenia
906 695 913 705 ·

307 747 539 820 'Acherontem
552 749 640 820 nunc
657 751 767 836 obibo,
787 747 844 820 ubi
861 748 977 820 mortis
991 749 1143 820 thesauri
1165 751 1323 822 obiacent.

309 1023 316 1040 .
370 1020 379 1037 .
432 1019 441 1037 .
495 1021 504 1038 .
556 969 643 1061 quae
666 991 754 1039 nune
778 970 839 1040 abs
861 974 894 1040 te
914 971 1037 1042 uiduae
1058 974 1093 1040 et
1110 975 1238 1042 uastae
1259 971 1326 1039 uir-

868 1074 966 1165 gines
987 1077 1074 1144 sunt.

709 1171 821 1244 XVI*

310 1274 425 1346 Cicero
445 1277 543 1346 Tusa.
562 1274 648 1367 disp.
671 1275 684 1344 l
706 1286 758 1362 48,
784 1287 844 1349 116
869 1279 1066 1349 ‘Monoecus
1081 1301 1154 1349 non
1175 1279 1328 1370 praeter·
1381 1317 1382 1344 r

206 1379 358 1463 mittitur,
392 1379 447 1471 qui
468 1377 545 1448 item
566 1379 702 1451 oraculo
723 1380 811 1452 edito
834 1381 978 1475 largitus
999 1385 1051 1453 est
1073 1383 1211 1475 patriae
1236 1402 1329 1450 suum

206 1482 414 1574 sanguinem.
452 1479 760 1574 iphigeniaAulide
781 1484 875 1554 duci
895 1508 938 1557 se
959 1486 1258 1556 immutandam
1279 1483 1328 1552 iu-

209 1587 278 1671 bet,
305 1589 343 1654 ut
365 1585 551 1656 hostium
573 1585 775 1657 eliciatur
791 1610 878 1658 suo.

609 1735 763 1807 unum
790 1737 914 1807 nxvn

1381 2133 1382 2174 i

1381 2187 1382 2239 i

758 1854 772 1924 Ι

734 1961 772 2026 ut
790 1958 797 1972 '

222 2067 285 2130 280
312 2057 448 2128 Vtinam
468 2079 509 2128 ne
529 2057 562 2126 in
582 1956 831 2132 nemoriqpiiib
853 2058 1026 2130 securibus

275 2201 287 2218 x
315 2160 424 2232 Caesa
443 2161 627 2230 assedisset
650 2162 794 2256 abiegna
815 2164 858 2235 ad
878 2163 1000 2233 terram
1022 2161 1145 2246 trabes

210 2361 338 2428 togarum'
363 2379 385 2412 e.
407 2378 431 2426 q.
452 2377 473 2412 a.
507 2363 690 2414 ldemdediu.
710 2366 733 2415 11
755 2364 844 2426 13,30
867 2364 1042 2414 ‘Democritus
1062 2371 1149 2413 tamen
1170 2377 1224 2412 non
1244 2360 1327 2410 inseite
1381 2377 1382 2440 p

210 2440 330 2498 nugatur,
358 2440 385 2480 ut
404 2431 539 2498 physicus,
560 2447 609 2495 quo
622 2449 716 2501 genere
733 2435 797 2486 nihil
818 2434 995 2500 arrogantius:
1017 2431 1111 2499 [277].’
1144 2431 1186 2483 Gi.
1208 2431 1325 2484 Donatus,

210 2517 285 2565 quem
306 2501 486 2552 Fleckeisenus
505 2503 642 2562 indicauit,
661 2505 687 2554 in
707 2506 766 2556 Ter.
784 2505 833 2554 Ad.
849 2505 884 2552 ΙΙΙ
899 2500 925 2565 3,
940 2502 973 2553 32
999 2503 1060 2552 ‘hoe
1075 2503 1188 2567 sumpsit
1205 2503 1282 2567 poeta
1299 2498 1327 2548 de

210 2571 255 2620 illo
272 2571 299 2619 iu
319 2571 454 2637 physicum
473 2572 624 2638 peruulgato
644 2574 753 2625 ancillae
771 2575 852 2625 dioto:
883 2573 966 2636 quod
987 2580 1035 2622 est
1058 2580 1132 2622 anta
1151 2572 1255 2638 pedes
1273 2582 1326 2618 uon
1381 2563 1382 2586 ¹

211 2640 311 2690 uidet:
332 2641 415 2691 oaeli
429 2649 594 2691 serutatur
607 2642 742 2709 plagas!
770 2643 885 2694 Eundem
901 2641 985 2691 iocum
996 2644 1082 2692 neseio
1097 2657 1130 2691 an
1145 2637 1326 2708 significarent

210 2711 308 2760 Nouius
322 2726 348 2776 p.
363 2710 423 2771 145,
437 2711 470 2762 15
492 2715 616 2778 ‘nepam
633 2714 736 2776 quidam
753 2728 871 2764 sanarum
885 2720 975 2778 putant
987 2712 1021 2761 ad
1034 2712 1100 2762 illud
1111 2711 1214 2761 Plauti:
1230 2717 1325 2760 retro-

211 2795 341 2830 uorsum
355 2781 475 2840 cedam,
491 2781 783 2848 imitabornepam3
797 2781 996 2833 etilludaliud:
1016 2791 1071 2830 aut
1085 2783 1326 2847 cumuapaesset
1381 2791 1382 2824 t

211 2851 316 2900 dubium
331 2851 483 2913 inutraque.
506 2849 570 2900 Nam
586 2866 646 2902 uere
658 2867 725 2917 nepa
736 2855 853 2918 scorpius
869 2852 980 2904 dieitur.'
1003 2850 1120 2902 Getarum
1134 2853 1263 2914 quaedam
1276 2849 1325 2897 siue

211 2920 286 2970 Nonii
296 2921 351 2968 siue
363 2935 420 2969 oum
429 2920 552 2969 Ennianis
563 2921 678 2971 Noniano
687 2931 745 2972 ante
755 2923 819 2973 baec
832 2936 897 2985 quae
910 2929 968 2969 sunt
983 2937 1033 2971 ess
1041 2928 1070 2970 et
1083 2921 1218 2972 dubium
1232 2921 1324 2972 laeana,

212 2989 261 3038 nisi
276 2989 360 3049 iallor,
377 2989 521 3054 absumpta.
542 2988 582 3041 Gi.
594 2990 626 3040 ab
639 2992 786 3042 Heinriohio
802 2991 932 3042 laudatum
943 2989 1067 3040 Senecam
1077 2991 1104 3039 in
1113 2999 1203 3040 satura
1212 2991 1245 3042 da
1254 2993 1326 3040 morte

213 3059 314 3110 Claudii
330 3058 380 3109 o.8
399 3058 429 3125 (l
450 3074 476 3124 p.
492 3057 544 3110 269
561 3058 660 3124 ssuaa)
680 3062 756 3124 ‘quid
775 3063 801 3110 iu
815 3059 932 3110 oubiouio
950 3074 996 3109 suo
1017 3061 1095 3110 iaciat
1112 3062 1215 3110 neseio:
1238 3069 1262 3110 et
1280 3059 1322 3106 iam

212 3129 296 3178 oaeli
309 3136 473 3178 scrutatur
486 3129 618 3195 plagas?
637 3131 766 3181 deusderi
779 3130 862 3180 uult?'
933 3129 995 3178 XIV
1013 3130 1104 3180 Festus
1118 3145 1145 3194 p.
1161 3131 1213 3181 201
1229 3131 1263 3183 Μ.
1280 3125 1324 3174 ‘ob

211 3199 401 3265 praepositione
420 3199 536 3262 antiquos
548 3213 608 3248 usos
626 3216 682 3250 esse
700 3216 746 3265 pro
766 3201 804 3251 ad
822 3199 895 3250 testis
908 3208 946 3250 est
957 3199 1068 3259 Ennius,
1083 3213 1165 3266 'quom
1178 3201 1216 3249 ait
1229 3202 1246 3250 Ι.
1259 3195 1324 3248 Xllll
1381 3180 1382 3221 i

213 3267 270 3334 [IX]
350 3276 374 3318 et
391 3269 418 3317 in
435 3266 569 3334 Iphigenia
586 3271 636 3319 ...'
708 3270 756 3320 XV
781 3269 887 3320 Seruius
907 3269 980 3319 Fuld.
1002 3269 1028 3318 in
1050 3270 1115 3318 Aen.
1136 3271 1147 3317 Ι
1169 3271 1204 3320 52
1229 3273 1323 3318 ‘uasto

212 3353 259 3406 pro
274 3337 388 3388 desolato
401 3345 500 3388 ueteres
513 3339 650 3406 papebant.
679 3341 776 3390 Ennius
788 3339 895 3405 Ifigenia
908 3339 960 3389 ...'
1381 3346 1382 3415 t

247 3409 348 3458 Manna
360 3419 434 3457 nxvn
469 3408 479 3455 i
498 3407 572 3458 Rhet.
592 3409 626 3459 ad
639 3409 794 3460 Herennium
812 3410 836 3458 ΙΙ
854 3412 897 3469 22,
920 3409 954 3459 34
973 3409 1030 3460 ‘hio
1048 3408 1076 3458 id
1095 3409 1166 3471 qnod
1189 3417 1323 3459 extremum

213 3479 374 3539 dictumest,
393 3477 456 3527 satis
471 3476 519 3527 iuit
534 3493 677 3544 exponere,
694 3495 726 3528 ne
738 3479 848 3529 Ennium
861 3487 885 3528 et
898 3486 997 3528 eeteros
1010 3480 1100 3544 poetas
1116 3479 1258 3540 imitemur,
1276 3474 1325 3538 qui·

255 3655 308 3714 278
329 3670 402 3710 nunc
420 3650 452 3708 0.
469 3651 650 3718 Ribbactcius‚
673 3672 727 3710 om.
744 3654 808 3710 libri
874 3655 957 3710 obibo
974 3655 1086 3708 Aldina.
1103 3653 1187 3708 adibo
1204 3655 1265 3711 cod.

214 3740 344 3794 obiacent
363 3737 475 3794 Aldina.
506 3737 637 3792 adiacent
658 3740 719 3795 eod.
806 3743 859 3796 280
888 3739 991 3794 utinam
1019 3739 1066 3806 ne]
1094 3744 1207 3792 utamne
1235 3738 1325 3793 Haun.
1381 3730 1382 3825 i

221 3825 306 3880 Vurr.
322 3821 350 3879 rit
364 3840 399 3878 ne
414 3821 503 3894 Lttpd.
518 3821 622 3877 Donati
706 3825 854 3878 securibus
870 3825 967 3891 caesa]
983 3839 1104 3894 unquam
1123 3822 1213 3877 duod.
1231 3829 1257 3877 et
1271 3819 1324 3878 edd.

127 3927 134 3934 ·
213 3916 268 3966 uel.
285 3907 364 3987 uum}
380 3906 582 3980 nepotianus·
664 3913 716 3966 281
736 3923 822 3964 oaesa
837 3907 997 3964 accedisset
1010 3908 1131 3992 abiegna
1145 3906 1233 3978 Lapat.
1247 3907 1324 3976 Sanp·

213 4016 306 4072 Prisc.
316 4033 347 4088 p.
364 4017 430 4081 ibt,
452 4012 493 4085 of.
511 4013 542 4070 0.
558 4012 701 4069 Ribbecka'i
715 4013 788 4068 ΑΜ.
805 4029 838 4084 p.
853 4012 910 4068 IX.
933 4029 1018 4069 caesa
1038 3993 1197 4068 accidisset
1212 4014 1324 4084 abiegna

215 4101 286 4174 Rea.
304 4100 445 4158 Halterst.
468 4098 538 4167 (aad
555 4100 585 4154 in
603 4099 655 4154 boc
673 4097 824 4154 cecidisset
844 4115 881 4152 m.
901 4100 949 4154 ott.
969 4101 1066 4165 corr.)
1087 4095 1150 4151 ibid.
1176 4111 1265 4152 caesa
1284 4111 1323 4150 ao·
1381 4110 1382 4113 ¹

216 4186 334 4242 uidisset
354 4185 477 4255 abiegna
505 4181 597 4240 Varro
626 4184 695 4250 (atsi
711 4182 784 4254 quod
804 4184 915 4253 abgeua
931 4182 1060 4249 Eoum),
1078 4182 1207 4252 plerique
1222 4179 1325 4236 tunde
1381 4158 1382 4209 i

218 4278 276 4327 nat.
293 4272 369 4325 deor.
387 4269 461 4360 etde
474 4267 545 4341 saw.
561 4284 645 4324 casse
661 4265 840 4322 accedissent
856 4265 960 4339 adignd
979 4266 1108 4322 Waerzb.
1123 4265 1163 4318 ad
1174 4264 1248 4354 liar.
1269 4279 1323 4320 oae-

361 4368 370 4384 “
1381 4367 1382 4396 t
