2784 4940
526 391 753 448 ENNIANAE
1091 399 1191 446 xxvu

85 557 198 618 Nonius
222 576 252 637 p.
278 557 356 634 197,
380 555 399 616 8
422 565 452 617 et
469 555 616 618 Charisius
640 556 698 638 lp.
723 557 763 616 55
784 557 814 618 P.
835 557 1011 633 coniungunt
1033 557 1106 634 (ine.
1129 556 1192 616 sed.

87 663 205 743 XXV),
230 681 287 724 nou
305 665 400 743 possit
422 679 479 721 non
509 681 547 724 ex
575 663 723 724 annalibus
751 664 941 744 depromptus
972 681 1050 724 esse.
1089 661 1191 741 Neque

90 787 164 829 aero
186 771 244 832 alio
266 773 386 850 saepius
406 771 532 831 carmine
556 773 600 831 usi
623 781 687 831 sunt
712 772 889 849 grammatici
919 786 1002 848 quam
1031 770 1193 846 annalibus,

91 885 122 936 ut
144 877 168 936 si
190 877 226 937 de
248 895 336 937 uersu
356 878 525 938 hexametro
549 887 651 957 agatur
672 886 721 938 aut
743 880 793 957 qui
815 878 947 938 uideatur
964 895 1033 937 esse
1060 878 1194 938 hexame-

92 991 147 1058 ter,
170 984 295 1044 omnium
317 985 438 1064 primum
462 985 576 1062 cogites
597 983 634 1042 de
653 983 812 1044 annalibus.
841 984 942 1046 Eidem
956 985 1101 1062 calendio,
1125 1002 1193 1046 con·

89 1090 150 1150 lato
170 1091 295 1150 maxime
316 1090 458 1167 Aeschyli
476 1090 570 1151 hona.
595 1088 667 1165 214,
691 1093 791 1152 nescio
816 1109 852 1152 an
871 1092 906 1152 ir.
929 1091 1009 1169 LIX,
1033 1095 1057 1152 si
1080 1092 1194 1172 quidem

86 1205 175 1258 recte
198 1217 215 1258 a
234 1217 280 1258 me
299 1199 480 1260 emendatum
502 1207 558 1275 est,
583 1198 751 1258 conueniat:
776 1198 852 1278 quud
875 1198 923 1274 ibi,
945 1198 993 1259 ubi
1014 1217 1090 1260 nunc
1108 1198 1195 1260 babe-

86 1313 146 1382 tur,
170 1323 272 1385 parum
294 1314 361 1386 apte
386 1305 535 1367 conlocari
556 1321 625 1366 sero
647 1304 799 1381 intellego.

179 1409 250 1472 Gom
279 1411 394 1474 Albano
421 1431 495 1492 rege
527 1412 644 1473 Aeneas
678 1411 864 1489 congreditur
897 1411 1031 1489 (xxvii.
1064 1409 1195 1472 xxvur.

88 1517 199 1580 XXIX.
224 1517 315 1579 XXX.
338 1518 460 1602 xxxi).
481 1520 557 1582 Alba
579 1520 664 1595 enim,
686 1519 735 1579 ubi
757 1535 822 1594 res,
848 1517 884 1580 de
912 1519 1017 1600 quibus
1046 1518 1118 1580 inira
1147 1537 1196 1579 ex·

90 1643 215 1705 ponam,
236 1625 307 1686 iliae
328 1635 478 1704 geruntur,
501 1627 576 1706 apud
599 1625 720 1688 Ennium
740 1623 829 1686 multo
858 1633 924 1685 ante
944 1624 1065 1686 Aeneae
1093 1627 1198 1687 aduen-

89 1743 152 1794 tnm
176 1741 322 1801 extructa:
350 1743 381 1794 ut
399 1734 478 1796 illum
508 1731 649 1795 credibile
677 1733 714 1792 sit
744 1731 897 1792 confestim
925 1732 959 1793 ad
992 1734 1068 1794 hunc
1097 1752 1198 1811 regem

87 1841 275 1922 perrexisse.
314 1839 488 1901 Sciscitante
509 1840 597 1918 igitur
608 1839 704 1900 Albae
724 1858 797 1918 rege
818 1841 855 1901 de
878 1840 1052 1902 aduenarum
1075 1844 1198 1920 origine,

88 1948 161 2009 inde
185 1965 201 2007 a
231 1945 303 2008 loue
324 1946 420 2023 gentis
442 1947 584 2026 principia
612 1945 746 2023 deducit,
775 1964 832 2007 non
862 1947 947 2008 aliter
964 1956 1050 2028 atque
1080 1949 1121 2024 is,
1152 1949 1199 2026 qai

89 2055 191 2116 Ennio
213 2051 434 2130 obuersabstur,
454 2053 571 2115 llomeri
587 2052 704 2114 Aeneas
724 2052 758 2115 ll.
781 2057 809 2114 P
823 2053 899 2114 215:
922 2057 1036 2133 qnando
1053 2056 1098 2117 his
1112 2055 1200 2116 Grae·

93 2163 140 2223 oia
153 2159 249 2241 (239)
264 2151 446 2239 Ἀσσάρακος
459 2155 492 2222 db
502 2153 621 2240 Kainon,
635 2152 652 2223 ὃ
668 2153 693 2222 d'
705 2153 745 2242 ἂρ
751 2154 889 2242 Ἀγχίσην
903 2161 965 2222 τέκε
979 2161 1082 2238 παῖδα,
1098 2150 1203 2240 Aairoig

100 2257 143 2344 ἔμ’
156 2259 290 2347 Ἀγχίσης
311 2264 492 2346 respondent
513 2267 577 2328 iere
599 2268 634 2330 ad
653 2268 773 2329 uerbum
796 2267 925 2329 Enniana
956 2273 1096 2330 Assaraco
1121 2279 1203 2327 nane

98 2379 182 2452 Cepis
208 2381 325 2451 opaeum
352 2379 428 2451 isque
451 2381 529 2451 pium
557 2395 595 2438 ece
622 2397 652 2437 se
675 2381 813 2437 Anchisen
840 2387 955 2453 generat
975 2374 1114 2455 (XXIX).
1155 2373 1200 2434 De

96 2501 134 2543 ca
161 2481 273 2559 origine
300 2479 338 2539 cl.
361 2478 548 2559 Philargyrus
570 2485 599 2544 iu
625 2482 733 2562 Georg.
756 2482 796 2545 lll
819 2483 859 2544 35
883 2491 912 2542 et
933 2481 1053 2544 Scinins
1076 2485 1103 2541 in
1125 2481 1199 2541 Aen.

95 2589 138 2649 Vl
156 2587 230 2663 778,
253 2586 342 2648 Silius
362 2585 480 2649 ltalicus
493 2590 535 2652 Xl
549 2590 609 2652 290
622 2609 687 2670 sqq.
727 2589 847 2651 Ennium
867 2599 983 2650 secutus
1001 2596 1046 2649 est
1057 2587 1205 2665 Vergilius

94 2697 192 2777 (hen.
215 2692 468 2777 v111127rqq.),
493 2701 541 2777 qui
560 2698 689 2760 Aeneam
711 2698 781 2759 iacit
797 2696 931 2758 Euandro
954 2697 1017 2774 regi
1039 2695 1076 2756 de
1090 2695 1203 2771 origine

92 2803 220 2882 generis
251 2809 443 2862 enarrantem.
494 2802 522 2864 ls
557 2823 620 2866 cnm
646 2805 811 2881 Atlantem,
835 2795 997 2866 ‘aetherios
1027 2821 1126 2864 umero
1157 2803 1205 2881 qui

95 2912 224 2972 sustinet
239 2907 343 2968 orbes'
363 2909 457 2991 (137)
476 2912 525 2972 uel
541 2903 630 2974 ‘caeli
647 2915 695 2992 qui
708 2914 804 2974 sidera
817 2913 907 2974 tollit'
921 2905 1028 2991 (141),
1049 2912 1123 2970 inter
1135 2927 1206 2987 gen·

94 3019 136 3076 tis
158 3024 293 3076 auctores
316 3017 451 3096 designet
474 3029 560 3099 atque
584 3018 642 3078 boc
664 3028 819 3099 praeterea
841 3035 976 3080 sermone
995 3015 1124 3078 Enniano
1146 3025 1206 3076 uta·

99 3133 149 3183 tur
170 3127 266 3198 ocche
280 3127 371 3200 daque
387 3131 486 3202 fidem:
510 3145 567 3188 non
591 3127 653 3186 sine
675 3126 762 3186 multa
785 3126 990 3207 probabilitate
1002 3132 1032 3183 et
1043 3123 1078 3183 ir.
1098 3122 1207 3182 XXVll

99 3231 139 3292 de
161 3228 277 3290 Atlante
300 3229 472 3308 intellegas,
501 3248 586 3308 quern
605 3234 633 3293 in
659 3251 833 3312 proauorum
862 3248 982 3293 numero
1002 3230 1120 3290 Aeneas
1148 3228 1207 3288 lau·

101 3339 226 3414 dauerit,
248 3346 277 3397 et
297 3336 332 3396 ir.
349 3336 433 3397 XXX
454 3338 549 3398 eidem
565 3337 684 3400 Aeneae
706 3341 857 3402 amicitiam
880 3340 1111 3417 societatemque
1142 3353 1206 3396 eum

102 3461 178 3522 rege
191 3442 305 3504 lllban'o
321 3444 451 3522 iungenti
473 3445 621 3508 attribuas.
656 3447 715 3507 Sed
740 3465 776 3505 ne
793 3447 866 3508 baec
884 3445 1017 3526 quidem,
1042 3461 1117 3523 qnae
1137 3460 1205 3519 reg·

103 3561 155 3612 nat
183 3552 211 3612 in
237 3551 282 3611 bis
305 3551 392 3611 rebus
414 3550 606 3628 incertitudo,
636 3551 826 3613 confidentius
845 3570 915 3612 uera
938 3569 1005 3612 esse
1026 3549 1207 3610 adiirmarim.

103 3658 169 3718 lieo
189 3659 263 3718 euim
284 3659 322 3718 ita
350 3659 546 3719 reiectanenm
572 3635 632 3736 esi,
668 3659 744 3738 quod
764 3659 815 3719 illo
833 3677 919 3718 uersu
942 3655 1082 3735 (XXVII)
1110 3655 1208 3715 louem

107 3765 262 3843 significari
291 3764 420 3824 editores
442 3774 617 3826 statuerunt:
646 3767 675 3825 in
697 3783 780 3844 quam
803 3783 864 3825 rem
887 3763 997 3824 hlernla
1026 3779 1083 3822 non
1110 3763 1209 3840 inepte

105 3871 164 3932 boc
191 3869 300 3950 Orphei
325 3872 354 3930 iu
379 3871 491 3946 hymnis
520 3891 607 3932 uersu
630 3875 689 3934 Ζεῦ
710 3864 817 3952 πάτερ,
847 3860 1030 3951 ὑψίδρομον,
1057 3863 1210 3949 moadeca

104 3972 218 4056 κόσμον
238 3970 371 4038 ἐλαύνων
391 3978 487 4038 utitur.
533 3979 631 4059 Atque
659 3979 696 4040 de
723 3978 794 4038 luae
819 3976 962 4038 intellexit
983 3976 1067 4037 Ennii
1095 3993 1211 4036 uersum

105 4084 237 4146 lsidorus
264 4083 317 4160 (de
341 4092 398 4146 nat.
422 4103 479 4146 rer.
511 4105 537 4146 c.
564 4086 601 4147 12
626 4106 654 4167 p.
684 4085 744 4148 981
775 4085 899 4163 lugo),
929 4101 1014 4161 quern
1041 4084 1086 4144 bis
1111 4083 1211 4144 verbis

104 4198 155 4271 qut
184 4196 273 4251 uoluta
303 4197 395 4252 orbem
432 4201 514 4255 stettin
548 4199 706 4254 ardentibus
740 4196 920 4270 refulgentem
948 4191 1050 4252 imitari
1087 4191 1209 4250 uidetur.

105 4297 210 4378 Neque
240 4297 310 4358 illud
340 4299 434 4376 magni
469 4302 564 4378 facio,
602 4302 679 4380 quad
705 4299 870 4362 blacrobius
899 4300 960 4361 Sat.
987 4299 1027 4359 Vl
1050 4299 1125 4380 l-p.
1149 4293 1210 4358 498
