2770 4946
534 1017 748 1090 AGHILLES

637 1153 650 1224 l

907 1253 1009 1326 o'citer

186 1364 295 1434 serua
315 1363 424 1446 ciues,
452 1358 593 1430 de'lende
614 1358 747 1442 hostes,
775 1361 966 1448 compotes
986 1357 1173 1428 defendere.

187 1657 195 1672 .
250 1657 258 1672 .
312 1648 322 1668 .
374 1622 451 1670 nam
470 1495 814 1680 consssiisliliouarint
843 1594 963 1688 quibus

186 1703 346 1777 Concedit
364 1703 497 1774 Hector.

620 1802 662 1872 111

141 1920 178 1999 5,
188 1961 446 1978 .....
500 1927 645 2000 perego
667 1904 766 1975 deum
789 1889 948 1972 sublimis
970 1903 1105 1992 subjces

184 2011 351 2100 ‘Vmidum
378 2011 466 2080 unde
489 2009 593 2081 oritur
611 2009 715 2079 imber
734 2005 845 2077 sonitu
867 2025 971 2074 saeuo
990 2010 1022 2075 el
1042 2007 1169 2098 spiritu.

600 2145 649 2215 IV
663 2143 679 2179 *

186 2318 632 2336 ........
686 2263 727 2335 ἑο
749 2284 815 2363 ego
836 2259 970 2353 ingenio
990 2261 1088 2330 nitus
1108 2281 1197 2330 sum:

185 2367 307 2462 Aeque
323 2367 520 2440 inimicitiam
540 2371 639 2463 itque
659 2367 833 2438 amicitiam
850 2365 882 2434 in
900 2365 1040 2433 frontem
1058 2385 1199 2456 promp-

745 2470 812 2539 tim
832 2465 926 2562 gero.

118 2670 256 2720 Acutius
292 2673 419 2723 ininius
438 2689 465 2738 p.
477 2671 537 2730 277,
548 2669 580 2721 21
601 2669 811 2731 ‘defendere,
830 2669 909 2728 tueri,
929 2665 1068 2732 depellere.
1100 2667 1197 2718 Ennius

87 2739 185 2790 Achille
202 2741 254 2788 ...'
274 2740 473 2806 (defendere
489 2739 664 2792 debellare
680 2738 788 2805 [tlueri
803 2776 824 2788 ..
843 2740 874 2788 in
889 2735 1027 2787 Achille
1041 2735 1116 2785 Bern.
1132 2735 1162 2801 b)

118 2810 140 2858 ll
158 2809 370 2876 Noniusp.147,
388 2813 421 2862 22
440 2810 623 2861 ‘obuncare'
642 2809 843 2875 (obuerrure
861 2804 950 2870 Leid.)
975 2808 1135 2870 ‘peruertere
1153 2807 1199 2856 de-

87 2893 202 2942 promere,
219 2879 315 2930 dietum
327 2897 343 2930 e
356 2883 434 2931 ueris.
459 2881 557 2930 Ennius
567 2877 668 2928 Achille
682 2914 687 2927 .
700 2881 730 2928 ..'
801 2880 837 2930 111
855 2877 952 2928 Nonius
963 2891 990 2941 p.
1002 2873 1061 2935 toti,
1076 2875 1088 2925 l
1105 2877 1200 2925 ‘sub-

88 2948 143 2997 icis
163 2963 232 2998 noue
250 2951 364 3013 positum
381 2965 432 3000 non
449 2965 465 3000 e
485 2949 647 3008 subiciendo,
672 2949 718 2998 sed
736 2949 879 2999 altitudine
914 2946 1010 2996 Ennius
1029 2945 1130 2995 Achille
1151 2947 1198 2995 ...'

88 3016 173 3068 Festus
186 3033 214 3084 p.
223 3016 315 3070 305Μ.
331 3021 480 3070 ‘subices
493 3019 590 3070 Ennius
603 3017 631 3066 in
645 3017 744 3068 Achille
756 3033 802 3084 pro
816 3017 938 3068 subiectis
951 3015 1050 3079 posuit,
1064 3029 1122 3064 eum
1135 3016 1201 3065 (lixit

88 3087 176 3137 nubes:
194 3101 241 3152 per
254 3089 315 3153 ego’
332 3105 354 3140 c.
364 3105 417 3152 q.s.
441 3089 538 3140 Gellius
548 3089 584 3138 IV
597 3087 626 3136 ll
637 3086 753 3154 (positu,
772 3102 822 3138 non
835 3095 926 3137 nature
941 3085 1145 3150 praepositiones
1160 3086 1199 3135 oh

88 3157 141 3206 sub
159 3171 217 3206 con
236 3172 295 3207 oum
308 3159 388 3225 uerbo
405 3159 492 3209 iccio
504 3157 658 3223 compositus
673 3157 762 3223 longus
775 3155 844 3222 lieri)
869 3160 1029 3221 ‘congruens
1051 3154 1131 3220 igitur
1151 3162 1198 3214 est,

88 3233 113 3272 ut
137 3226 272 3276 subices
298 3229 390 3288 etiem,
423 3229 492 3292 quod
517 3227 625 3294 proinde
648 3235 676 3274 ut
695 3227 781 3276 obices
802 3225 971 3292 compositum
996 3230 1049 3283 est,
1075 3239 1092 3272 u
1116 3223 1200 3275 littere

89 3295 155 3344 breui
172 3296 224 3345 dici
245 3305 368 3361 oporteat.
401 3298 497 3348 Ennius
516 3299 543 3346 in
562 3295 708 3361 tragoedia,
734 3311 799 3360 quoe
815 3296 929 3345 Achilles
950 3293 1109 3353 inscribitur,
1129 3295 1200 3344 suhi-

27 3367 28 3370 ’
90 3379 127 3413 ces
145 3379 193 3430 pro
213 3368 272 3415 ubre
292 3367 343 3417 ulto
363 3368 449 3432 pouit,
476 3368 519 3430 qui
539 3365 610 3415 caelo
630 3365 758 3416 subiectus
780 3373 832 3425 est,
855 3366 882 3414 iir
902 3365 943 3415 his
962 3363 1080 3412 uersibus
1103 3361 1139 3428 [b.
1155 3362 1198 3427 6]:

90 3431 223 3497 plerosque
247 3437 329 3486 omnis
353 3444 437 3486 tumen
460 3436 545 3502 legere
567 3435 656 3485 audias
678 3449 695 3483 u
717 3435 801 3486 littere
822 3435 964 3501 producta!
1040 3433 1076 3481 lv
1102 3431 1200 3482 Gellius

91 3502 179 3555 XIXB
202 3505 425 3557 ‘inimicitiam
444 3514 528 3556 eutem
542 3504 571 3564 Q.
584 3503 682 3554 Ennius
702 3505 729 3555 iu
748 3506 792 3555 illo
808 3502 1020 3555 memoratissimo
1037 3501 1100 3550 libro
1116 3501 1198 3552 dixit:

130 3683 145 3736 l
170 3679 270 3746 ociter]
289 3697 306 3734 o
323 3680 370 3752 qui
385 3685 410 3734 te
427 3679 517 3736 Bere.
532 3680 555 3745 b,
572 3696 625 3735 om.
640 3681 726 3736 ceteri
739 3677 803 3732 libri
907 3680 925 3734 2
947 3673 1080 3743 dolende]
1104 3674 1200 3732 delen·

93 3759 146 3816 dite
158 3763 273 3818 Bern.b
376 3769 394 3824 3
406 3765 541 3828 consilius
560 3765 596 3820 W
700 3759 861 3822 Aconcedit
871 3759 973 3814 Hector
987 3758 1200 3816 0.Ribbeclcius.

94 3848 145 3900 tem
162 3847 292 3904 concedit
308 3848 354 3904 hic
370 3848 439 3904 ordo
461 3849 525 3904 libri
631 3855 648 3908 5
677 3847 812 3904 sublimas
835 3843 954 3908 Nonius,
984 3844 1109 3902 Rottend.
1139 3844 1199 3903 Vct.

95 3928 176 3986 Gellii.
192 3933 325 3988 sublimes
339 3935 429 4006 culpe
445 3950 498 3989 om.
514 3934 613 3990 Festus
699 3931 804 3988 subicis
823 3929 928 3985 Nonius
1034 3933 1051 3987 6
1068 3927 1200 3984 humidas

56 4013 152 4069 -bbri
236 4016 301 4072 inde
319 4018 417 4074 Festo
503 4020 635 4076 sonitus.
653 4034 678 4071 e.
696 4013 985 4088 spirituom.lt'ortius
1071 4029 1158 4068 saeuo
1174 4019 1201 4066 et

96 4099 190 4168 spiritu
216 4101 321 4158 Dubio.
351 4119 438 4158 saeuo
463 4104 562 4176 spiritu
581 4103 688 4158 Festus.
718 4117 787 4156 seuo
816 4097 934 4168 strepitu
962 4097 1090 4153 Relicuo-
1114 4097 1200 4154 Gellii.

96 4198 178 4238 saeuo
195 4187 311 4258 strepitu
332 4187 393 4242 Vct.
402 4205 498 4252 ,saeuo
510 4195 539 4244 et
551 4189 663 4260 spiritus
675 4186 760 4242 ceteri
849 4181 952 4238 Versus
967 4181 1099 4254 rir'oposuit
1109 4181 1200 4237 Loch-

95 4282 208 4339 rrumnuo
220 4270 352 4330 adlocr.
369 4271 423 4329 ΙΙΙ
430 4279 482 4339 227
589 4279 604 4338 7
625 4288 679 4350 ego
694 4287 748 4326 om.
764 4269 865 4330 Gellius
970 4270 988 4331 b
1005 4283 1094 4344 aeque
1111 4260 1201 4328 inimi·
