2784 4940
219 376 307 424 LVIII
621 363 928 433 QVAESTIONES

219 549 269 589 res
283 529 376 606 gessit
395 545 451 588 non
466 530 658 605 insigniores,
679 529 732 588 sed
748 547 822 607 quae
839 527 931 588 Ennio
947 547 1045 588 ansam
1063 547 1133 588 suae
1150 531 1327 588 narrationis

220 635 362 714 praebere
380 642 518 713 possent
538 634 583 695 Gi.
602 635 731 694 Zonaras
743 635 810 694 Vlll
823 636 860 695 14
875 654 903 713 p.
917 631 985 692 152.
1003 633 1071 694 Vlll
1085 635 1123 694 16
1145 653 1174 713 p.
1194 635 1256 695 159
1280 637 1324 694 ed.

218 741 308 801 Bonn.
331 741 427 820 Atque
443 742 516 801 inira
532 741 668 818 exemplo
682 741 831 801 ostendam
844 739 963 800 Ennium
979 741 1064 800 etiam
1079 739 1148 800 alibi
1165 739 1260 800 ubere
1277 760 1325 799 ex·

220 849 354 926 posuisse
371 846 521 922 derebus,
545 865 664 926 quarum
685 864 739 906 nos
760 847 846 908 ualde
868 845 974 906 exilem
993 847 1122 905 notitiam
1142 847 1325 925 accepimus.

219 955 278 1016 Sed
300 973 364 1015 eam
381 954 419 1013 ob
437 955 604 1014 tenuitatem
618 955 775 1013 memoriae
788 953 898 1030 llugius
914 952 1107 1012 arbitrabatur
1121 950 1247 1012 Ennium
1271 971 1326 1011 non

118 1105 122 1114 ·
218 1063 254 1123 de
267 1061 318 1121 illo
329 1058 454 1120 Seruilio
467 1074 553 1138 quem
569 1059 627 1118 dixi
643 1059 695 1119 sed
710 1058 747 1118 de
762 1059 873 1118 iuniore
886 1059 975 1136 loqui,
990 1075 1027 1118 eo
1043 1059 1091 1136 qui
1103 1060 1131 1118 ln
1142 1075 1241 1136 pugna
1252 1056 1325 1116 Gan·

218 1168 300 1228 nensi
320 1164 435 1225 fortiter
454 1182 601 1245 pugnasse
623 1165 824 1242 communique
846 1164 930 1224 olade
947 1166 1092 1225 occidisse
1114 1165 1246 1226 traditur.
1283 1165 1325 1224 ot.

218 1275 314 1334 Liuius
333 1270 416 1332 XXII
431 1270 482 1330 45.
504 1269 555 1330 49.
610 1269 695 1342 Quod
717 1272 772 1330 etsi
790 1271 852 1330 lieri
876 1271 1007 1348 potuisse
1027 1287 1085 1329 non
1105 1288 1201 1348 nego,
1225 1281 1325 1350 persto

219 1389 330 1454 tameo,
354 1378 487 1456 quoniam
508 1377 651 1436 recedere
673 1377 711 1436 nil
735 1378 829 1452 cogit,
853 1377 880 1436 in
899 1377 1036 1436 memoria
1058 1375 1143 1436 Gellii
1164 1379 1213 1456 qui
1233 1377 1325 1436 Χ114

221 1504 237 1544 e
260 1485 400 1562 septimo,
429 1500 486 1542 nou
514 1483 559 1542 eui
583 1483 633 1542 ille
656 1482 782 1542 uindicat
809 1489 916 1542 octauo
944 1481 1038 1542 annali
1071 1482 1266 1560 fragmentum
1289 1487 1325 1542 oi·

219 1591 306 1649 tauit:
338 1607 507 1668 quamquam
540 1606 639 1648 eorum
674 1589 861 1647 oseasionem
892 1607 1028 1648 uersuum
1061 1590 1169 1650 eertius
1203 1589 1325 1649 delinire

221 1715 273 1774 per
296 1714 331 1755 ea
354 1713 428 1772 quae
451 1695 488 1754 de
510 1695 644 1754 Seruiliis
663 1695 852 1774 perhibentur
873 1711 931 1753 non
952 1694 1030 1754 lieet.

307 1801 351 1860 Ad
376 1801 433 1860 hoe
458 1800 565 1862 bellum
596 1800 711 1860 aseribo
740 1808 892 1878 praeterea
923 1801 959 1859 ir.
982 1800 1039 1877 lx,
1070 1801 1107 1862 de
1135 1819 1193 1880 quo
1223 1803 1325 1862 neseio

220 1927 256 1968 au
277 1927 294 1966 e
311 1905 397 1966 Gellii
415 1908 514 1967 uerbis
530 1907 624 1968 XVlll
641 1907 659 1966 5
678 1912 728 1967 bos
746 1925 808 1966 eum
825 1914 949 1983 primum
965 1927 1066 1968 uersam
1080 1927 1238 1984 perperam
1255 1930 1324 1983 pro·

220 2021 389 2074 nuntiantem
405 2018 574 2073 audiuimrn:
592 2017 707 2088 denique
719 2057 725 2069 .
735 2057 741 2070 .
752 2057 758 2070 .
766 2020 911 2089 proiciunt
925 2033 986 2073 sese
991 2042 1000 2080 ;
1017 2034 1105 2090 neque
1122 2019 1213 2074 multis
1228 2011 1325 2090 postea

221 2125 345 2182 uersibus
367 2124 467 2179 additis
490 2120 689 2178 celebrantibus
710 2138 770 2178 eum
792 2123 1019 2196 laudantibusque
1050 2124 1171 2180 omnibus
1192 2125 1325 2198 discessit,

222 2227 329 2303 conligi
352 2224 476 2299 debeat,
499 2240 556 2283 nou
573 2223 662 2299 louge
684 2223 754 2284 illud
769 2244 785 2284 a
803 2225 859 2284 bne
881 2223 946 2285 libri
968 2227 1094 2287 aluisse:
1117 2245 1202 2306 quem
1223 2228 1325 2288 librum

222 2331 430 2408 iudeiadparei
458 2345 515 2388 oon
537 2330 610 2388 inter
631 2328 785 2388 inferiores
806 2330 897 2389 luisse
925 2333 973 2410 qui
994 2333 1029 2393 ad
1052 2333 1196 2412 publicam
1222 2336 1324 2394 reeita·

222 2439 329 2496 tionem
350 2434 540 2511 deligeretur.
585 2434 703 2494 Poterat
721 2445 816 2494 aulem
836 2455 939 2496 uersus
960 2437 1030 2515 ille,
1054 2441 1195 2519 siquidem
1218 2441 1324 2501 bellum

222 2544 357 2604 Punioum
376 2542 495 2619 primum
517 2541 551 2600 ad
575 2549 735 2600 extremum
750 2541 853 2601 librum
873 2529 1029 2622 pertinuit,
1052 2546 1101 2605 uel
1123 2547 1150 2605 in
1167 2541 1324 2625 Xanthippi

224 2667 318 2728 pugna
341 2648 436 2707 locum
456 2647 566 2706 habere
588 2646 663 2705 oonl.
685 2647 807 2722 Polybio
829 2647 842 2706 Ι
864 2648 903 2708 34
925 2641 986 2727 ἅμα
1006 2647 1038 2710 δὲ
1058 2654 1099 2734 τῷ
1119 2640 1173 2713 τὸν
1190 2644 1323 2717 Ξάνθιπ-

221 2775 279 2816 πον
301 2759 362 2827 τοῖς
384 2751 437 2831 μὲν
458 2751 504 2814 ε’πὶ
525 2757 584 2813 τῶν
605 2752 723 2832 θηρίων
743 2755 938 2835 παραγγεῖλαι
960 2749 1102 2834 προάγειν
1123 2755 1174 2816 καὶ
1197 2757 1324 2816 διασπᾶν

222 2852 275 2934 τὰς
286 2863 345 2920 τῶν
356 2853 539 2920 ὑπεναντίων
556 2857 658 2936 τάξεις,
673 2863 733 2931 τοῖς
748 2849 773 2918 d’
792 2859 940 2936 ἱππεῦσιν,
957 2850 1001 2937 ἐφ’
1019 2858 1156 2942 ἐκατέρου
1171 2865 1226 2921 τοῦ
1244 2861 1321 2941 κέρα-

223 2989 271 3040 τος
288 2968 420 3027 κνιλοῦν
437 2964 487 3026 καὶ
504 2963 699 3047 προσβάλλειν
715 2972 775 3039 τοῖς
786 2967 932 3045 πολεμίοις
944 2970 1005 3026 κτλ.
1028 2966 1073 3027 (ll.
1085 2966 1226 3030 Columna
1240 2967 1321 3049 put.

308 3072 417 3132 Verum
440 3074 465 3132 si
490 3059 599 3132 enine
622 3092 658 3133 ea
680 3073 795 3153 quidem
819 3091 902 3151 quam
930 3076 1054 3152 exposui
1075 3077 1187 3134 ratione
1208 3078 1322 3136 materia

225 3179 361 3240 sulficere
386 3179 534 3254 uideatur,
564 3198 619 3258 qua
648 3189 726 3239 totus
753 3180 828 3239 liber
850 3181 957 3238 ueteris
983 3197 1116 3240 mensura
1144 3199 1202 3242 non
1231 3185 1324 3263 dispar

226 3285 395 3365 expleatur,
421 3288 528 3364 poterit
546 3286 595 3346 ille
613 3289 642 3345 in
657 3285 732 3346 hune
751 3285 855 3344 librum
877 3287 984 3344 initium
1005 3285 1120 3364 quidem
1138 3305 1236 3348 rerum
1255 3291 1324 3350 Hau-

225 3393 327 3453 nibalis
350 3393 496 3470 relegare.
548 3390 600 3452 Cui
622 3393 665 3451 rei
687 3392 760 3452 infra
784 3391 1080 3470 adparebitaproximi
1102 3392 1167 3452 libri
1190 3397 1325 3477 reliquias

225 3517 282 3560 non
302 3499 437 3560 obstare:
458 3517 522 3558 nam
542 3498 620 3578 quod
642 3497 681 3556 ibi
704 3498 824 3574 primum
846 3500 931 3575 posui
949 3503 1037 3559 Poeni
1053 3505 1188 3576 stipendia
1206 3508 1328 3576 pendunt

225 3607 327 3666 inserti
353 3607 474 3664 nominis
501 3601 577 3664 est.¹
610 3600 718 3662 Contra
745 3603 939 3663 commendari
967 3622 1002 3664 ea
1028 3605 1101 3664 ratio
1129 3606 1189 3665 leui
1215 3611 1327 3687 septImi

226 3714 291 3775 libri
312 3713 436 3788 uestigio
459 3711 589 3770 uidetur:
613 3725 687 3786 quos
708 3709 783 3766 enim
809 3716 897 3787 potita
918 3708 953 3767 lr.
969 3707 1038 3768 Xlll
1063 3709 1194 3770 ‘habiles
1215 3714 1327 3790 gladios

225 3818 274 3878 filo
297 3817 477 3896 gracilento?
501 3818 585 3891 dicit,
609 3815 637 3872 ei
658 3815 758 3873 neseio
782 3833 817 3874 an
838 3813 1030 3894 Hispanorum
1053 3817 1124 3890 sint,
1148 3815 1185 3875 de
1210 3835 1328 3896 quorum

226 3934 366 3986 armatura
395 3923 491 3982 Liuius
515 3919 569 3978 Vll
591 3919 645 3978 10:
689 3923 817 3996 Hispano
845 3927 962 3997 cinpr'tur
988 3925 1078 3998 plodio
1106 3925 1145 3980 ad
1168 3931 1328 3998 propiorem

128 4041 131 4048 ’
225 4035 310 4091 balli
323 4051 466 4107 pequam,
488 4036 517 4088 et
534 4023 689 4086 xxl146:
713 4031 799 4086 Gallis
819 4030 1007 4103 Hispanoque
1027 4039 1106 4088 scuta
1128 4033 1251 4088 eiusdem
1271 4035 1328 4106 sor-

225 4156 287 4196 mue
307 4141 371 4212 fere
391 4143 484 4207 eraut,
509 4137 636 4207 dispares
656 4153 693 4202 ae
717 4137 859 4192 dissimiles
883 4138 982 4208 plectit,
1011 4139 1098 4194 Gallis
1118 4139 1273 4212 praelonpi
1299 4157 1329 4194 oe

224 4248 283 4306 siue
304 4243 492 4312 mucronibus,
515 4242 643 4314 Hispano
658 4245 784 4314 punctim
805 4246 892 4316 inopis
919 4261 1002 4317 quam
1023 4247 1126 4301 enesim
1147 4245 1264 4302 adsueto
1280 4261 1328 4322 pp-
