2784 4940
520 343 752 398 ENNIANAE
1128 353 1188 402 xm

63 508 161 586 quasi
180 507 309 566 diluculo
335 525 351 566 e
373 507 545 583 fragmentis
567 506 732 586 dispicere,
758 507 839 568 uelut
862 508 1016 568 aduentum
1038 509 1101 567 eius
1129 506 1188 567 lio·

58 631 149 674 marn
173 623 203 674 et
222 630 309 673 omen
340 614 368 672 in
397 613 501 674 itinero
533 611 647 672 obuiam
676 612 784 672 iactum
813 612 851 691 (l.
880 613 940 694 ΙΙ),
970 632 1090 691 regnum
1121 623 1188 694 post

62 720 153 780 Anci
176 718 284 779 obitum
307 738 323 782 a
346 718 457 798 populo
480 719 508 777 in
531 717 611 777 illurn
632 717 759 778 delatum
781 719 848 796 (lll.
869 719 940 799 lV):
961 719 1086 798 denique
1112 737 1187 780 nror·

62 829 116 888 tui
139 828 219 904 regis
239 827 342 886 lunera
362 822 455 903 (Vlll.
479 822 547 901 lx).
593 822 691 902 Atque
714 841 799 884 omen
818 825 934 902 quidem
957 826 1053 887 Liuius
1075 827 1189 887 uidetur

64 951 135 994 non
155 934 219 993 sinc
237 931 321 992 linnii
342 930 465 1010 qnadm
484 929 642 988 imitatione
663 947 781 990 narrare
801 928 872 992 134
894 936 934 991 ud
948 935 1104 992 Ianiculum
1113 934 1190 1008 sorte

51 1050 189 1102 -uentum
211 1049 286 1100 erut:
305 1044 343 1098 rbi
362 1044 388 1097 ei
406 1045 542 1113 carpento
563 1041 668 1096 sedenti
683 1057 745 1096 cum
767 1057 858 1098 uxore
879 1043 972 1114 equita
988 1044 1130 1113 maperrsas
1141 1042 1187 1096 de-

64 1153 162 1207 missa
189 1151 285 1207 leniter
305 1151 357 1206 utre
372 1150 489 1221 pilleum
511 1146 621 1220 aufert,
645 1162 786 1220 nuperque
808 1153 972 1220 carpentum
1000 1164 1062 1204 crem
1089 1165 1189 1222 mupno

64 1261 210 1330 clanpore
229 1259 347 1314 uolitans
364 1271 465 1312 rursus
486 1256 560 1312 uelut
578 1256 726 1310 minr'sterirr
747 1253 877 1311 diuinitus
903 1257 987 1310 muco
1016 1258 1102 1328 copiti
1125 1261 1190 1327 epte

62 1366 200 1438 reponit:
221 1364 285 1419 mdo
305 1364 426 1420 nutimie
447 1361 512 1418 ubit.
556 1352 587 1414 ln
608 1354 712 1433 quibus
734 1355 808 1416 adeo
835 1373 938 1416 uersus
960 1356 1100 1434 quosdam
1121 1354 1188 1418 Cle·

64 1469 156 1527 ricus
182 1464 217 1525 ad
239 1465 309 1528 Liuii
340 1464 360 1524 l.
383 1464 403 1524 l.
428 1463 567 1524 odoratus
593 1470 654 1537 est,
687 1461 731 1522 sic
759 1461 822 1522 iere
852 1463 1077 1542 reciperandos:
1112 1467 1189 1526 Imeie

63 1577 136 1630 ates
152 1575 232 1631 Coelo
252 1577 394 1648 napenars
412 1576 530 1632 munau
546 1578 588 1628 est
609 1573 705 1628 untur
726 1573 793 1629 ulra:
813 1573 914 1645 Aufert
933 1575 979 1630 ille
998 1578 1106 1648 apicem
1117 1578 1187 1632 uoli-

66 1689 149 1750 tans,
172 1687 289 1754 apteque
310 1683 426 1755 reponit.
449 1678 521 1735 Inde
540 1679 661 1734 arbitrato
679 1677 742 1734 obit.
765 1674 810 1735 nd
834 1675 891 1736 hoc
913 1685 1008 1738 autern
1026 1679 1189 1758 prodigium

65 1785 109 1843 ir.
136 1782 230 1845 latim
252 1789 286 1844 de
307 1789 383 1844 caelo
406 1789 515 1842 manem
544 1785 618 1840 dedit
647 1787 765 1858 inclytae
792 1790 899 1860 Quum
929 1784 1054 1846 refertur
1083 1786 1187 1864 proba·

67 1890 182 1966 bilius,
206 1892 328 1970 opiner,
350 1907 434 1968 ιιιιιιιιι
456 1904 521 1948 cnm
543 1888 705 1950 editoribus
733 1890 769 1950 all
791 1891 886 1951 Seruii
908 1889 994 1950 Tullii
1025 1892 1102 1951 uisa:
1133 1910 1188 1953 neo

67 1997 176 2057 obstat
203 2003 265 2058 otim
295 1997 453 2077 particula,
482 2013 568 2073 quarn
597 1997 625 2054 in
658 1995 716 2054 uim
744 2015 779 2056 ac
806 1997 955 2059 notionem
981 2007 1037 2056 tum
1062 1997 1187 2058 uoculae

67 2113 253 2182 usurparunt
282 2102 399 2163 Plautus
427 2096 486 2162 blil.
507 2101 586 2178 glor.
612 2100 631 2160 2
661 2101 698 2161 al.
727 2111 756 2161 ct
777 2104 912 2165 Horatius
938 2106 999 2164 Sat.
1021 2103 1105 2180 113,
1136 2106 1186 2166 60.

68 2209 140 2268 Nec
166 2219 262 2270 tamen
288 2208 417 2286 llbergio
443 2208 609 2283 adsentior,
648 2209 696 2286 qui
723 2208 816 2268 Plauti
842 2209 950 2269 Persae
979 2230 1007 2270 ιι.
1034 2209 1091 2272 251
1123 2215 1188 2272 Ioui

69 2320 205 2392 opulento
224 2321 329 2376 incluto
352 2315 478 2374 conisus
501 2314 537 2374 ab
560 2313 653 2374 Ennio
677 2331 794 2392 quoque
816 2316 873 2376 hcc
896 2315 964 2375 loco
991 2321 1122 2394 incipiam
1140 2321 1182 2378 lo·

69 2441 137 2482 uem
170 2419 228 2480 clici
260 2421 441 2500 opinabatur.
493 2419 558 2497 ligo
588 2437 652 2480 cunr
679 2419 754 2480 baec
782 2419 909 2480 Petronii
934 2421 1051 2482 Halosis
1080 2421 1186 2484 Troiae

69 2547 102 2586 u.
127 2525 188 2587 176
209 2530 279 2586 baec
307 2531 354 2587 nbi
375 2533 536 2602 personuit,
566 2531 600 2586 de
628 2531 705 2586 caelo
725 2529 876 2602 Delphicus
903 2531 962 2585 ales
990 2531 1086 2588 Omina
1116 2535 1189 2590 lueto

70 2637 151 2692 dedit
166 2637 328 2708 pepulitque
354 2636 486 2692 mentibus
507 2632 756 2708 cordunensem,
790 2650 907 2692 uersam
936 2633 1016 2693 illurn
1044 2633 1120 2694 rnalu
1150 2635 1187 2695 de

72 2742 144 2816 ipso
170 2738 240 2799 alite
270 2737 378 2798 efferri.
424 2739 469 2800 De
492 2745 560 2800 hono
578 2746 656 2800 Anco
685 2739 736 2816 (ir.
761 2736 815 2817 ΙΙΙ)
847 2739 885 2798 ci.
909 2737 1084 2799 Niebubrins
1113 2738 1185 2802 Hist.

74 2845 202 2914 Romi
230 2843 291 2905 392
319 2863 364 2923 sq.
417 2845 589 2925 Tarquinius
613 2845 729 2904 occisus
751 2842 863 2904 lauatur
888 2844 923 2904 ab
953 2863 1046 2905 uxore
1075 2846 1186 2927 (vlit),

72 2968 162 3030 quam
184 2954 282 3010 bonum
302 2957 437 3029 feminum
457 2953 526 3014 dicit
548 2959 647 3030 poeta,
671 2958 702 3010 ut
717 2947 823 3011 Cicero
836 2950 908 3011 Phil.
922 2951 962 3036 lll
978 2953 997 3013 6
1013 2963 1061 3013 tue
1082 2943 1185 3016 couno

73 3062 148 3117 boue
167 3059 285 3131 semina
319 3055 364 3117 Gi.
387 3057 513 3119 Beckeri
537 3057 610 3119 Gall.
635 3056 742 3118 1276.
778 3054 874 3116 Funus
898 3056 1045 3138 Tarquinii
1067 3060 1187 3120 effertur

71 3163 110 3223 ad
134 3162 218 3223 iaces
240 3173 269 3224 et
293 3163 448 3240 candelas,
478 3164 621 3243 siquidem
648 3161 705 3222 hoc
733 3163 878 3240 significat
905 3183 1009 3225 uersus
1031 3172 1188 3242 prodinunt

70 3275 183 3345 famuli,
205 3279 260 3330 tum
281 3275 400 3330 candido
421 3275 524 3331 luminu
543 3276 634 3330 lucent
657 3267 740 3348 (lx),
764 3272 791 3330 in
814 3290 871 3351 quo
892 3277 984 3334 lucent
1001 3274 1097 3333 actiae
1117 3291 1184 3334 esse

72 3376 293 3454 accipiendum,
326 3377 436 3435 monuit
465 3375 605 3436 Columna
635 3375 711 3434 conl.
742 3376 834 3438 Plauti
858 3376 925 3439 Cas.
949 3378 1025 3440 130
1055 3387 1084 3438 et
1114 3375 1185 3439 Gar-

74 3480 165 3542 enl.l
189 3482 216 3556 1,
236 3480 265 3541 9.
311 3481 356 3541 Dc
380 3500 416 3542 eo
440 3483 572 3543 funerum
593 3499 704 3558 genere
723 3484 790 3544 uide
812 3494 943 3546 ueterum
971 3486 1135 3546 testimonia
1158 3488 1186 3546 in

75 3587 110 3647 0.
133 3586 230 3647 Jahnii
253 3588 288 3648 ad
310 3587 402 3648 Persii
425 3591 485 3650 Sat.
509 3588 549 3649 lll
572 3589 630 3649 103
651 3592 866 3650 commentario.
910 3591 955 3651 De
977 3590 1085 3666 tribus,
1110 3608 1185 3668 quae

75 3703 231 3772 praeterea
251 3695 287 3755 all
311 3694 495 3775 Tarquinium
515 3696 638 3774 ascripsi
661 3695 841 3773 fragmentis,
863 3699 927 3776 ipse
946 3697 1031 3758 uideo
1044 3715 1104 3756 rem
1118 3715 1185 3756 esse

76 3801 147 3861 satis
168 3799 346 3878 ambiguam:
370 3822 445 3882 quae
468 3801 586 3877 licebat,
607 3811 638 3860 ut
660 3802 771 3862 incerta
794 3805 856 3862 cina
880 3803 961 3878 libri,
983 3819 1145 3878 segregare
1169 3820 1185 3860 a

75 3908 213 3967 relicnis:
237 3926 312 3968 nunc
332 3908 488 3989 Tarquinio
511 3906 644 3984 ascribo,
675 3925 739 3966 curn
760 3925 817 3966 non
842 3906 1024 3968 incommode
1048 3906 1083 3966 all
1116 3905 1184 3966 Tar·

75 4014 202 4092 quinium
222 4015 387 4076 referantur
411 4025 441 4076 et
462 4016 641 4075 commodius
654 4014 741 4093 paulo
754 4034 838 4094 quam
854 4015 890 4075 ad
903 4016 1036 4074 Seruium
1049 4012 1183 4089 Tullium,

74 4121 110 4181 de
133 4137 192 4199 quo
215 4120 271 4182 alia
299 4139 384 4202 quam
411 4140 460 4181 res
486 4121 609 4181 bellicas
632 4128 737 4200 poeta,
761 4123 789 4181 ni
809 4122 914 4198 fallor,
945 4121 1091 4200 exposuit.
1137 4116 1184 4178 Gi.

74 4225 248 4288 Niebubrins
273 4227 345 4288 Hist.
369 4227 452 4288 Rom.
476 4225 582 4290 1406.
629 4227 666 4288 Et
686 4229 721 4288 ir.
742 4226 769 4284 V
788 4226 903 4306 quidem
923 4227 1024 4287 nescio
1049 4245 1084 4288 an
1113 4226 1184 4286 uici·
