2770 4946
509 369 751 440 aaurovrnrr

607 539 653 610 XI

176 651 317 739 Quantis
336 675 411 727 cum
432 658 599 730 aerumnis
616 658 707 730 rIlum
725 661 900 732 exanciaui
919 659 1022 731 diem!

590 811 651 884 ΧΠ
665 809 681 847 *

175 921 272 1008 Vidi,
303 923 415 996 uidere
436 928 525 1020 quod
549 951 623 1000 sum
642 952 745 1022 passa
765 931 972 1024 aegerrume,

175 1025 352 1098 Hectorem
371 1051 469 1100 curru
489 1032 688 1126 quadriiugo
709 1033 879 1124 raptarier,

89 1137 151 1199 130
178 1129 332 1202 Hectoris
351 1135 463 1203 natum
481 1134 523 1206 de
541 1157 635 1206 muro
652 1136 813 1206 iactarier.

594 1283 669 1354 XIII

176 1397 298 1468 Festus
315 1423 348 1490 p.
369 1408 432 1472 298
448 1402 490 1473 Μ.
515 1402 793 1496 ‘[summulssi
812 1403 1003 1475 dicebantur
1022 1403 1187 1495 [murmu-

74 1501 214 1594 ratores]
239 1554 297 1570 ...
319 1503 467 1575 Naeuius
483 1545 534 1558 -
552 1505 679 1577 Ennius
697 1506 730 1576 in
751 1509 848 1578 sexto
871 1505 942 1600 [Vi]
974 1505 1125 1599 [Enniuls
1153 1507 1186 1576 in

72 1603 325 1676 Andromacha:
352 1605 486 1702 diIcere]
590 1609 681 1702 [nolu
700 1614 769 1680 est:
792 1633 867 1680 nam
886 1633 1036 1686 mussare
1055 1611 1083 1680 si
1102 1663 1175 1680 .....
1178 1611 1185 1636 ’

488 1791 763 1868 ANDROIIEDA

627 1931 640 2001 I

364 2070 510 2140 quae
527 2049 611 2118 ca'ua
628 2051 710 2120 caeti

176 2098 460 2241 Sigiuteneritibus
479 2152 615 2222 conficis
634 2153 737 2245 bigis!

601 2303 627 2372 II
643 2301 658 2338 *

177 2473 185 2489 .
234 2413 238 2418 ’
240 2473 559 2492 ......
612 2427 645 2492 et
662 2424 737 2516 quis
754 2422 849 2492 illaec
864 2425 931 2506 est,
952 2445 1036 2515 quae
1054 2423 1186 2517 lugubri

178 2522 353 2594 Succincta
374 2528 426 2593 est
447 2523 558 2596 stota?

108 2726 143 2774 XI
174 2725 272 2776 Nonius
296 2742 322 2792 p.
347 2725 412 2786 aba,
436 2724 453 2776 8
485 2727 675 2778 ‘exanclare
700 2728 776 2778 etiam
801 2724 929 2791 significat
953 2725 1061 2790 perpeti.
1090 2725 1188 2774 Ennius

75 2795 301 2846 Andromache
321 2796 403 2846 maio
422 2798 607 2858 torquentia
631 2798 700 2847 cum·
724 2814 746 2848 e.
767 2811 792 2859 q.
814 2811 835 2846 a.
866 2794 1072 2860 (torquentia
1091 2793 1186 2846 Genea.

75 2867 170 2916 Andr.
198 2864 455 2916 aechmalotide:
484 2867 615 2929 quantia
637 2867 755 2917 Itothiue.
785 2865 1009 2916 Andromache
1036 2864 1186 2914 molotto:

74 2935 207 2996 quantia
226 2933 368 2999 Meroerus)
438 2935 483 2985 XII
507 2935 594 2986 Cicero
608 2937 684 2987 Tuae.
699 2937 767 3002 dinp.
784 2937 794 2984 l
813 2937 856 2993 44,
874 2935 923 2986 105
948 2933 1038 2984 ‘trahit
1055 2933 1188 2984 Hectorem

91 3003 310 3054 ¹....thiliea
339 3006 372 3054 At
391 3004 436 3053 ilia
454 3005 519 3055 sicut
536 3005 728 3056 acerbissimam
746 3021 798 3055 rem
812 3012 920 3055 maeret:
942 3000 1015 3069 [128.
1032 3001 1093 3068 lau]
1113 3019 1188 3066 quem

76 3073 229 3123 Hectorem?
254 3081 298 3122 aut
317 3089 392 3137 quam
411 3074 456 3124 diu
472 3074 516 3125 ilie
535 3075 583 3124 erit
602 3075 712 3126 Hector?
738 3072 829 3125 Metius
849 3075 988 3123 Accius..
1003 3071 1136 3123 .'Varro
1157 3073 1191 3124 de

76 3144 102 3190 L.
119 3143 148 3192 L.
165 3141 190 3191 X
206 3143 240 3194 70
253 3142 315 3192 MA
322 3158 372 3194 aon
389 3144 466 3193 modo
484 3147 590 3209 poetae,
611 3145 657 3195 aed
670 3147 747 3195 etiam
760 3143 876 3210 plerique
887 3158 916 3193 ac
932 3144 1015 3210 prirno
1028 3143 1125 3203 omnis,
1145 3144 1188 3206 qui

75 3203 159 3262 ¹soluta
175 3213 290 3262 oratione
305 3213 453 3276 loquuntur,
474 3213 606 3274 dicebant,
625 3223 653 3263 ut
671 3221 844 3277 quaestorem,
865 3221 1024 3279 praetorem,
1043 3211 1081 3262 sic
1099 3213 1189 3263 Hectd-

76 3299 141 3342 r‚em
162 3281 303 3332 Neatdrem.
328 3283 414 3345 ltaque
427 3283 572 3333 Enniuaait
590 3281 683 3350 [130].·
705 3284 847 3347 Vtrumque
862 3284 946 3333 locum
962 3283 1123 3334 coniunctum
1136 3284 1189 3333 Au-

76 3319 232 3402 droriraobae
242 3352 331 3401 tribuit
345 3351 461 3418 Scaliger

110 3423 295 3471 Anonotauoa
332 3423 342 3471 I
366 3422 448 3471 Varro
467 3422 498 3472 de
515 3421 544 3472 L.
560 3423 626 3472 LV
642 3421 676 3474 tu
694 3422 729 3472 Μ.
753 3425 782 3472 ‘a
801 3421 871 3473 Chao
890 3421 998 3481 choum,
1022 3421 1082 3470 nino
1098 3435 1189 3470 caurrrn

76 3499 99 3540 et
122 3490 185 3540 hiuc
212 3491 311 3540 caelum
408 3493 494 3554 itaque
521 3493 584 3543 dicit
609 3492 775 3543 Andromeda
801 3493 882 3541 nocti:
909 3492 985 3554 quae’
1010 3507 1033 3539 e.
1053 3505 1077 3553 q.
1099 3505 1119 3538 s.
1149 3493 1189 3539 ‘et

77 3561 253 3626 Agamemnon
273 3597 294 3608 ..
305 3596 326 3608 ..
347 3568 371 3610 et
384 3562 481 3611 EnnIua
493 3562 555 3612 item
570 3561 604 3611 ad
618 3562 776 3612 cauatIonem
793 3563 845 3610 ...’
868 3558 1092 3626 (Andromeda
1109 3558 1190 3609 Scoti-

77 3645 129 3695 ger.
152 3629 358 3680 Andromeda
371 3630 428 3680 Par.
442 3631 468 3680 b.
488 3631 713 3682 Andromacha
727 3631 794 3680 rror.
810 3633 850 3680 ‘ut
861 3630 924 3680 uid.'
940 3630 1100 3678 Androma
1113 3627 1188 3678 Goth.

78 3699 158 3748 Haun.
173 3699 230 3749 Par.
246 3707 300 3749 aet
312 3697 340 3764 c)
411 3701 433 3749 11
455 3698 553 3750 Nouius
566 3716 593 3767 p.
613 3700 702 3763 198,1
728 3702 813 3750 ‘ouis
831 3708 856 3750 et
874 3699 961 3766 generi
975 3697 1097 3748 teminIno
1119 3698 1188 3747 attri-

77 3769 120 3818 bui
131 3783 211 3834 poaaa
223 3775 339 3819 ueterum
352 3771 490 3820 auctoritas
503 3771 586 3820 uoluit
602 3807 655 3821 ....
669 3771 780 3822 Ennius:
801 3777 825 3820 et
838 3770 907 3832 quis¹
928 3786 950 3819 e.
961 3783 986 3830 q.
997 3783 1018 3817 a.
1046 3767 1101 3816 IIuc
1112 3767 1190 3818 refert

119 3946 170 4002 127
189 3946 314 4000 erumnis
325 3945 454 4017 plerique
470 3945 533 4000 libri
619 3961 769 4000 aerumnas
786 3945 862 4000 illurn
878 3943 1020 3998 exanclari
1036 3958 1099 3996 eum
1116 3941 1190 3996 diem

78 4027 166 4083 Bosil.
256 4033 305 4088 128
327 4029 403 4100 quod
427 4047 488 4084 sum
510 4047 597 4100 passa
618 4030 700 4085 Vrnd.
714 4047 733 4085 a
752 4029 865 4094 Buten,
886 4029 1028 4084 Daurqua.
1049 4026 1125 4097 quod
1145 4042 1189 4080 mc

79 4129 161 4181 passa
174 4113 244 4186 Ray.
256 4112 329 4168 Pau.
344 4115 413 4170 Grad.
427 4130 490 4169 eum
502 4117 600 4169 ceteris
688 4119 738 4174 129
754 4131 836 4168 curro
850 4113 919 4185 Ray.
933 4111 1003 4169 Gud-
1090 4115 1141 4168 130
1155 4109 1190 4166 de

78 4213 172 4336 liugero
189 4197 325 4269 Scairyer.
350 4199 385 4254 de
403 4197 524 4260 Troiano
542 4215 621 4256 muro
637 4199 700 4254 libri
787 4199 915 4286 iactanter
935 4196 1069 4267 Scaliyer.
1094 4195 1191 4251 iactari
