2784 4940
229 373 305 420 cxn
635 366 944 436 QVAESTIONES

171 577 176 589 .
227 547 349 608 quorum
376 529 603 606 fragmentorum
626 547 690 590 cum
718 530 790 590 illud
819 532 921 593 incerti
948 535 1069 594 nominis
1092 537 1145 610 sit,
1172 539 1335 597 sententiae

228 639 407 698 concinnitas
431 637 536 712 suasit,
559 645 589 696 ut
612 636 696 696 alteri
718 638 746 695 iu
768 639 850 698 unius
880 641 1018 700 enuntiati
1041 643 1227 721 complexum
1253 661 1335 721 prae·

227 741 376 820 tgeremr.
432 744 491 804 Sed
526 743 555 803 bi
591 761 692 802 uersus
727 761 790 802 cum
822 743 955 822 Vergilio
990 746 1138 807 obuersati
1171 749 1335 823 uideantun

228 847 304 926 apud
328 865 413 926 quem
446 847 583 928 (AemX
609 850 663 929 11)
691 849 822 929 Iuppiter
851 855 979 910 adueniat
1010 852 1102 930 inquit
1133 859 1237 912 iustum
1266 875 1336 929 pnp-

226 975 296 1030 nnc‚
332 976 367 1015 nc
394 963 538 1030 arcessite,
563 965 684 1031 tempus,
714 961 866 1033 Consano
895 959 1032 1032 Cartbapo
1063 961 1199 1016 Romanis
1227 963 1338 1016 arcibm

228 1068 291 1120 olim
318 1068 441 1122 Eccillum
468 1081 596 1136 mupnnm
621 1071 702 1136 atque
721 1065 807 1138 Alpes
833 1068 947 1122 inmittet
972 1072 1095 1137 opertas,
1149 1067 1231 1122 Tum
1261 1082 1336 1121 cer·

230 1179 309 1228 tare
330 1173 436 1242 odiis,
458 1177 525 1225 inm
550 1183 613 1222 ros
633 1173 802 1241 rapuisse
824 1171 955 1240 licebit,
985 1167 1051 1226 iude
1079 1167 1266 1227 coniciebam
1289 1185 1337 1226 eos

230 1275 285 1354 ipsi
306 1273 473 1334 Hannibalis
494 1269 595 1330 Italiae
618 1272 763 1348 ingressui
786 1274 965 1350 praemissos
991 1273 1092 1336 fuisse.
1143 1270 1198 1332 cni
1223 1275 1337 1352 quidem

230 1382 361 1441 transitui
393 1379 468 1440 haud
501 1376 564 1436 scio
598 1394 632 1435 an
665 1377 712 1436 hic
742 1397 845 1438 uersus
879 1379 1032 1438 conueniat
1056 1385 1184 1452 nireaqnc
1215 1384 1338 1436 ualentes

230 1491 356 1546 Contudit
375 1490 496 1544 crudelia
513 1487 619 1558 hiemps
641 1484 713 1561 (inc.
738 1485 800 1545 sed.
824 1483 961 1564 XXXII).

316 1593 412 1668 Pugna
440 1589 475 1648 ad
498 1587 704 1648 Trasumenum
733 1593 834 1650 nescio
861 1610 897 1652 au
920 1591 978 1650 boc
999 1588 1124 1648 irustulo
1154 1587 1336 1664 significetur

222 1701 319 1759 'Poeni
337 1718 402 1758 aaron
424 1700 495 1755 soliti
510 1700 553 1754 dis
567 1702 732 1770 sominare
745 1703 855 1772 puellos
879 1695 965 1775 (IV):
1002 1713 1066 1755 cum
1097 1695 1172 1754 euim
1194 1694 1336 1755 Hannibal

232 1805 267 1865 ad
290 1805 347 1863 hoc
368 1801 511 1881 proelium
531 1819 563 1859 se
587 1801 773 1878 accingeret,
797 1800 1088 1880 adsuutCartbagine
1111 1801 1190 1858 missi
1216 1803 1267 1879 qni
1291 1802 1335 1860 du-

232 1912 274 1970 cis
296 1917 413 1988 gnatum
439 1909 483 1966 dis
505 1908 724 1967 sacrificandum
751 1919 919 1988 poscerent.
964 1907 1087 1969 Rettulit
1117 1925 1180 1968 eam
1207 1927 1273 1968 rem
1297 1909 1335 1967 Si-

232 2019 286 2078 lius
309 2014 349 2074 IV
371 2015 432 2075 765
465 2033 528 2073 ecce
555 2024 645 2073 anatem
666 2025 766 2091 patres
793 2021 914 2075 oderant
939 2019 1106 2092 Cortbnpinc
1127 2022 1204 2074 missi
1229 2018 1336 2095 (Conna

231 2132 294 2184 atine
314 2145 369 2183 non
388 2142 483 2198 perna
499 2123 583 2198 uiris)
600 2139 651 2178 nec
673 2125 745 2181 laeto
764 2123 903 2196 ferebant.
928 2125 991 2181 Mos
1011 2126 1066 2198 fuit
1086 2128 1113 2181 in
1122 2128 1247 2198 papalia,
1273 2141 1335 2199 qinon

233 2236 352 2291 condidit
373 2235 482 2287 ndnenc
503 2225 593 2302 Dido,
617 2229 737 2287 Poscere
760 2233 844 2287 caede
866 2234 931 2287 deos
952 2233 1075 2301 nenium,
1098 2248 1133 2287 nc
1152 2233 1335 2304 flnpruntibas

233 2345 292 2396 cris
314 2336 485 2413 (Infandum
500 2333 602 2409 dictur)
621 2351 760 2408 porinus
782 2340 956 2408 inponere
975 2343 1077 2392 nictus
1100 2377 1106 2392 .
1126 2377 1133 2392 .
1150 2377 1183 2391 ..
1209 2338 1261 2393 Cui
1276 2339 1333 2409 fcto

232 2448 352 2517 sortique
376 2445 456 2497 denna
478 2443 512 2496 dc
532 2458 608 2497 more
624 2444 737 2513 petebat
754 2442 919 2498 Hannibalis
936 2445 1042 2514 prolem
1063 2444 1169 2498 ducor-a
1190 2446 1333 2515 antiquitus

233 2552 346 2606 Hanno.
391 2543 473 2617 Quae
494 2544 518 2602 si
541 2541 577 2603 ab
596 2543 689 2602 Ennio
713 2552 834 2623 utputo
857 2562 914 2603 non
943 2546 1091 2621 afuerunt,
1120 2543 1263 2604 credibile
1293 2553 1332 2603 est

233 2652 287 2712 hac
314 2653 472 2711 occasione
500 2667 610 2709 morem
640 2649 719 2709 illum
747 2651 910 2711 Poenorum
941 2651 1058 2730 puellos
1083 2652 1126 2712 dis
1155 2651 1332 2711 sacrificandi

232 2767 418 2818 memoratum
440 2756 540 2816 luisse.

318 2863 487 2923 Ceterarum
510 2863 696 2940 reliquiarum
728 2880 796 2941 pars
825 2863 948 2924 maxima
975 2864 1057 2943 (iude
1080 2883 1096 2924 a
1119 2861 1159 2922 vt
1182 2881 1277 2941 usque
1301 2861 1330 2922 al

231 2971 315 3052 XIX)
340 2973 376 3032 ad
402 2968 514 3030 cladem
536 2965 734 3045 Cannensem,
764 2970 868 3046 inqua
891 2967 1012 3028 Ennium
1034 2968 1189 3047 probabile
1212 2979 1259 3028 est
1281 2985 1330 3028 nou

177 3138 180 3142 .
234 3097 322 3157 parce
349 3085 496 3135 uersatum
525 3093 609 3151 csse,
638 3075 784 3153 pertinuit.
828 3075 898 3135 Post
920 3085 980 3135 tres
1010 3075 1110 3136 clades
1133 3075 1256 3136 Romani
1277 3095 1330 3136 rur·

233 3201 283 3242 sus
310 3183 381 3242 belli
404 3180 563 3260 periculum
585 3182 751 3259 temptaturi
773 3183 888 3257 socios,
917 3182 991 3240 iuter
1024 3200 1098 3261 quos
1127 3181 1232 3259 Marsi,
1268 3185 1330 3242 Pae·

232 3291 313 3368 ligni,
325 3290 438 3349 Vestini
453 3287 537 3366 (VI),
553 3275 679 3367 undique
693 3298 855 3349 arcessunt.
879 3286 940 3346 Hac
960 3289 1034 3346 culm
1049 3289 1267 3366 opportunitate
1282 3289 1330 3347 bos

233 3395 370 3476 populos,
395 3395 443 3473 qui
458 3395 575 3472 saepius
591 3395 735 3454 coniuncti
751 3394 827 3473 apud
844 3395 1005 3472 scrIptores
1018 3403 1175 3454 occurrunt
1198 3397 1254 3474 (ci.
1270 3396 1330 3456 Nic-

235 3503 352 3562 bubrius
365 3501 437 3560 Ilist.
452 3499 535 3560 Rom.
549 3501 562 3560 I
579 3501 666 3579 112),
689 3502 774 3560 etlam
791 3501 889 3575 Silius,
912 3519 996 3578 quem
1009 3479 1132 3561 maxIme
1146 3503 1173 3560 in
1186 3503 1242 3562 hac
1256 3510 1331 3580 parte

233 3610 403 3670 narrationis
426 3623 550 3684 sequor,
562 3651 564 3656 .
576 3606 813 3666 commemorauit
833 3604 902 3665 VIII
923 3606 984 3666 497
1005 3617 1035 3666 nt
1047 3610 1172 3668 Marsica
1192 3615 1281 3685 pubes
1297 3645 1332 3652 -

233 3720 455 3790 ——coniunpitnr
476 3731 543 3772 acer
557 3716 706 3787 Poetipnna
719 3719 860 3790 pelidoqnc
874 3718 950 3788 rapit
964 3717 1093 3773 Sulmone
1102 3719 1227 3774 cobortes
1244 3714 1331 3793 (512)

232 3853 274 3865 -—-
293 3852 335 3866 -
354 3823 432 3878 band
458 3825 512 3878 olto
541 3824 628 3877 lenior
654 3821 729 3876 bellis
761 3822 871 3877 Vestina
906 3825 1032 3879 inuentus
1064 3824 1179 3896 Apminn
1215 3825 1335 3880 donauit

234 3923 341 4002 (517).
386 3924 550 3984 Adueuiuut
579 3924 683 4001 copiae
715 3921 810 4002 (VII).
854 3923 1017 3983 Varronem
1044 3925 1079 3984 ad
1108 3925 1253 4004 proelium
1280 3925 1332 3986 ler-

231 4029 298 4089 uida
320 4031 485 4090 temeritate
504 4038 691 4108 proruentem
716 4029 820 4090 Paulus
843 4030 940 4089 studet
963 4047 1083 4090 arcere:
1117 4033 1181 4108 qais
1208 4033 1282 4091 enim
1309 4032 1333 4114 in

232 4132 277 4193 bis
293 4155 423 4210 praecox
446 4158 543 4212 pupnn
566 4146 606 4195 est
627 4135 726 4215 (VIII)
752 4144 780 4195 et
802 4147 911 4196 certare
935 4141 1054 4196 nbnneo:
1079 4148 1167 4196 metuo
1193 4142 1333 4213 lepionibin

232 4244 318 4298 tdbnm
341 4239 414 4318 (IX)
433 4257 491 4299 uon
510 4251 652 4318 agnoscat
675 4241 755 4302 Pauli
776 4242 951 4303 laudabilem
974 4259 1071 4301 curam
1093 4260 1128 4302 ac
1151 4238 1330 4302 cautionem?
