2784 4940
202 328 286 375 LXVI
587 310 902 382 QVAESTIONES

288 479 384 539 Noni
415 477 632 552 annullant,
664 475 760 554 quoad
787 475 849 534 eius
872 474 935 534 lieri
962 480 1078 552 potest,
1112 480 1324 548 argumentum

205 585 355 646 deliniatur
384 584 553 644 ordiendum
580 593 625 642 est
653 601 669 642 a
698 582 733 641 ir.
763 581 803 640 lV
831 598 889 660 quo
910 578 1053 656 Cetegum
1081 587 1110 638 et
1142 578 1324 636 Tuditanum

205 691 341 750 consules
359 699 476 749 creatos
506 689 693 768 perhibetur:
725 689 772 764 qui
799 695 876 746 teste
896 685 977 746 Liuio
999 682 1146 744 XXlel
1174 703 1200 743 a.
1235 703 1267 741 n.
1295 702 1322 741 c.

205 796 265 856 548
292 796 470 856 consulatum
496 797 598 856 iniere.
650 792 780 872 Cumque
811 793 882 852 belli
907 793 998 870 ipsius
1027 790 1091 848 linis
1119 791 1148 847 in
1177 807 1203 848 a.
1239 808 1269 848 u.
1295 808 1323 846 c.

206 904 265 962 551
291 902 414 976 incidat,
438 902 518 962 illinc
541 904 669 984 conicias
693 903 720 960 in
742 901 798 958 boc
823 899 899 958 libro
922 896 1091 957 Hannibalis
1111 914 1162 954 res
1187 895 1321 954 desisse.

206 1008 244 1068 At
266 1027 323 1068 nec
344 992 536 1067 testimonium
558 1024 616 1086 quo
641 1008 755 1066 nitimur
775 1003 929 1065 Ciceronis
950 1003 1029 1062 Bruti
1053 1003 1109 1077 15,
1133 1001 1173 1060 58
1205 1011 1254 1061 sat
1276 1001 1323 1058 lir-

207 1133 281 1172 mum
304 1121 367 1188 est,
391 1115 525 1192 quoniam
545 1117 610 1191 ipse
632 1123 662 1172 ot
679 1119 778 1188 opinor
799 1110 876 1171 addit
899 1110 1078 1183 dubitanter,
1100 1117 1129 1168 et
1149 1108 1324 1184 refragatur

209 1219 283 1276 adeo
307 1227 409 1295 aperte
423 1219 589 1279 Macrobius
609 1220 669 1279 Sat.
688 1217 757 1276 Vll
780 1235 808 1295 p.
833 1216 894 1275 500
915 1215 979 1274 Jan.
1000 1217 1049 1292 qui
1070 1214 1147 1294 bunc
1169 1214 1207 1273 de
1226 1213 1324 1273 Fabio

208 1322 334 1382 blaxirno
362 1324 468 1384 elatum
490 1343 620 1384 uersum:
649 1344 721 1384 onus
740 1327 820 1381 bomo
842 1325 919 1380 nobb
944 1325 1099 1380 conmaacio
1122 1325 1243 1378 restituit
1264 1338 1324 1376 rem

210 1447 226 1487 e
250 1427 305 1487 Xll
325 1429 419 1488 annali
447 1430 554 1489 citauit.
600 1426 653 1488 Cui
676 1429 841 1487 testimonio
872 1443 936 1486 cum
958 1425 1064 1485 lauerit
1089 1424 1272 1484 Niebubrius
1295 1425 1324 1480 in

218 1534 328 1592 scholis
351 1535 525 1594 academicis
557 1535 594 1594 de
624 1535 689 1593 hist.
720 1531 803 1592 Rom.
831 1531 845 1591 l
873 1531 931 1608 23,
959 1542 1017 1590 tum
1047 1523 1250 1609 patrocinatus
1280 1537 1324 1588 est

209 1641 332 1698 maxime
359 1638 392 1698 F.
413 1639 541 1699 Ritterus
564 1641 599 1700 de
619 1639 701 1699 Ennii
724 1639 812 1698 rebus
837 1637 975 1716 (prem.
1006 1638 1115 1712 antiqu.
1139 1633 1271 1693 Darmst.
1296 1649 1322 1690 a.

213 1742 293 1802 1840
317 1761 344 1821 p.
368 1742 463 1822 376),
492 1748 539 1822 qui
561 1748 669 1804 exitum
695 1746 811 1822 quidem
838 1744 909 1803 belli
939 1743 974 1803 ad
1003 1743 1078 1802 bunc
1108 1740 1212 1799 librum
1243 1737 1322 1795 rele-

211 1849 300 1924 gauit.
345 1846 448 1928 Neque
474 1851 548 1908 enim
569 1849 639 1909 illud
664 1850 783 1910 celebre
804 1848 887 1908 Fabii
912 1849 1119 1927 praeconium,
1149 1847 1232 1903 cuius
1263 1843 1322 1902 bla-

213 1951 330 2011 orobius
352 1953 471 2031 primum
495 1962 603 2014 tantum
624 1975 741 2015 uersum
760 1956 870 2030 attulit,
889 1955 1059 2036 necessario
1083 1953 1112 2010 in
1136 1953 1201 2029 ipsa
1222 1968 1321 2008 rerum

213 2055 397 2118 Cunctatoris
426 2062 590 2119 narratione
626 2061 723 2120 locum
752 2063 859 2122 habuit.
918 2057 1006 2119 Cuius
1036 2058 1187 2137 praeconii
1220 2057 1321 2116 binius

213 2165 344 2244 quidem,
367 2165 395 2223 in
418 2183 453 2225 ea
473 2184 590 2246 quoque
613 2185 646 2224 re
675 2167 801 2228 fortasse
824 2169 916 2246 ipsum
938 2165 1060 2224 Ennium
1083 2163 1224 2238 imitatus,
1257 2181 1319 2222 curn

212 2278 333 2327 mortem
356 2266 437 2327 Fabii
465 2271 634 2347 perhiberet
661 2274 833 2332 mentionem
856 2273 927 2333 lecit
950 2268 1034 2330 XXX
1056 2267 1108 2330 26.
1154 2269 1193 2328 m
1218 2287 1257 2328 ne
1281 2272 1321 2328 sic

214 2349 328 2450 qbidcm
347 2375 511 2434 testimonio
533 2374 674 2436 Macrobii
697 2374 785 2435 lacile
807 2394 853 2435 me
875 2377 1057 2455 mancipabo.
1096 2375 1168 2436 Nam
1194 2384 1227 2435 ut
1251 2375 1320 2434 nibil

214 2479 306 2538 dicam
329 2480 365 2539 de
387 2497 423 2538 eo
446 2481 523 2558 quod
546 2483 589 2540 sio
619 2480 727 2540 bellurn
749 2480 969 2541 Macedonicum
992 2484 1074 2540 nimis
1096 2499 1186 2561 parce
1217 2491 1320 2543 tracta-

214 2595 272 2644 tum
296 2586 443 2660 uideatur,
475 2586 607 2663 quoniam
637 2587 664 2644 in
694 2589 780 2645 tertio
809 2588 921 2647 decimo
942 2590 997 2648 iam
1027 2587 1136 2647 bellum
1161 2588 1320 2647 Antioche-

214 2709 278 2749 num
305 2698 456 2750 tractatum
478 2701 556 2766 erat,
595 2690 675 2750 inX
709 2701 739 2751 et
767 2692 809 2752 XI
842 2693 991 2753 annalibus
1017 2694 1211 2770 fragmentum
1243 2694 1318 2771 quod

12 2801 15 2806 '
215 2813 272 2854 non
290 2797 383 2873 possit
405 2814 461 2855 non
481 2797 516 2856 ad
536 2796 704 2858 Hannibalis
726 2817 775 2856 res
796 2798 901 2857 referri
923 2799 1031 2858 nullum
1044 2801 1197 2874 inuenitur,
1222 2810 1320 2858 contra

217 2909 314 2958 extant
336 2917 411 2977 quae
435 2901 470 2960 ab
493 2902 550 2961 illis
573 2903 661 2962 rebus
685 2903 842 2963 abhorrent
861 2903 1023 2962 manifesto.
1055 2903 1130 2964 Vide
1154 2924 1231 2983 quae
1250 2907 1319 2964 inira

217 3005 340 3082 exposui
363 3004 399 3063 de
427 3004 500 3064 Ann.
524 3005 551 3064 X
570 3006 605 3065 ir.
632 3007 667 3066 ll.
688 3007 737 3066 tv.
761 3007 835 3066 Ann.
859 3007 900 3068 Xl
920 3009 955 3068 ir.
978 3007 1082 3069 ll.·lll.
1126 3010 1189 3083 Qua
1214 3030 1247 3070 re
1263 3011 1318 3070 lle·

218 3111 308 3169 rulam
329 3119 447 3168 secutus
471 3108 642 3170 Ciceronem
662 3130 832 3190 quamquam
851 3115 1019 3194 memoriter
1041 3115 1156 3174 citando
1181 3133 1239 3175 non
1261 3116 1319 3194 lap-

217 3235 279 3276 sum
308 3234 375 3275 esse
402 3215 539 3294 bellaque
567 3217 673 3277 Punica
702 3235 759 3276 non
779 3218 907 3279 ultralX
929 3219 1059 3278 annalem
1084 3221 1256 3298 perrexisse
1279 3239 1319 3278 ar·

217 3323 327 3381 bitror:
358 3321 505 3382 allerula
533 3323 561 3382 id
584 3332 690 3383 tantum
714 3326 836 3401 differo,
863 3326 940 3404 quod
970 3327 993 3384 is
1022 3326 1123 3386 laudes
1149 3327 1217 3385 illas
1242 3325 1319 3385 Fabii

215 3431 245 3488 in
267 3439 372 3490 octauo
396 3428 470 3488 libro
494 3430 568 3487 inter
591 3431 654 3508 ipsa
677 3428 861 3492 cunctatoris
883 3433 1013 3492 lacinora
1036 3432 1211 3491 conlocauit.

303 3535 347 3594 De
369 3534 425 3593 bne
446 3534 532 3610 igitur
554 3533 620 3593 libri
642 3536 709 3595 rnibi
736 3537 852 3616 quidem
872 3538 925 3596 iam
945 3537 1052 3596 nulluin
1070 3537 1186 3596 dubium
1207 3546 1268 3596 est:
1293 3545 1319 3594 at

217 3643 340 3717 initium,
369 3649 400 3700 ut
420 3641 514 3700 exitus
537 3642 716 3718 superioris,
741 3644 892 3702 incertum.
937 3642 986 3703 Fr.
1008 3642 1034 3701 ll
1056 3660 1112 3701 non
1134 3641 1318 3726 inprobabili-

216 3759 260 3808 ter
279 3746 389 3807 lllerula
411 3747 468 3805 boc
489 3745 557 3804 loco
578 3747 684 3824 posuit,
709 3749 842 3823 quoniam
857 3746 965 3808 Liuium
985 3749 1176 3814 Salinatorem
1202 3765 1227 3806 a.
1250 3765 1276 3803 u.
1298 3765 1319 3805 c.

217 3853 278 3912 545
300 3854 336 3913 dc
360 3853 465 3913 Poenis
485 3862 571 3930 atque
590 3850 770 3911 Hasdrubale
791 3843 963 3932 triumphum
987 3855 1086 3929 egisse
1104 3853 1232 3913 Patauini
1252 3849 1318 3908 Liuii

217 3959 381 4017 testimonio
414 3967 527 4017 constat
557 3956 681 4016 XXVIII
708 3957 744 4035 9,
776 3977 946 4038 quamquam
978 3959 1054 4017 idem
1078 3958 1175 4017 Liuius
1199 3975 1225 4016 a.
1249 3975 1275 4012 u.
1295 3973 1318 4013 c.

216 4061 278 4122 533
305 4063 341 4123 de
367 4062 474 4138 Illyriis
494 4063 686 4142 triumphasse
709 4063 896 4140 perhibetur,
921 4082 977 4141 qua
996 4063 1033 4123 de
1056 4081 1089 4122 re
1119 4063 1185 4122 uide
1207 4061 1317 4120 Freine

216 4165 304 4227 bentii
335 4171 485 4250 Supplem.
511 4171 582 4230 Liuii
610 4169 637 4228 X
667 4169 717 4230 63.
765 4168 812 4227 Fr.
843 4167 883 4228 lll
913 4187 976 4226 curn
1003 4168 1090 4228 facile
1136 4166 1317 4242 intellegatur
