<?xml version="1.0" encoding="UTF-8"?>
<!DOCTYPE html PUBLIC "-//W3C//DTD XHTML 1.0 Transitional//EN"
    "http://www.w3.org/TR/xhtml1/DTD/xhtml1-transitional.dtd">
<html xmlns="http://www.w3.org/1999/xhtml" xml:lang="en" lang="en">
 <head>
  <title>
</title>
<meta http-equiv="Content-Type" content="text/html;charset=utf-8" />
  <meta name='ocr-system' content='tesseract 3.04.00' />
  <meta name='ocr-capabilities' content='ocr_page ocr_carea ocr_par ocr_line ocrx_word'/>
</head>
<body>
  <div class='ocr_page' id='page_1' title='image "./ennianaepoesisr02ennigoog_0084.png"; bbox 0 0 2798 4934; ppageno 0'>
   <div class='ocr_carea' id='block_1_1' title="bbox 500 390 1171 447">
    <p class='ocr_par' dir='ltr' id='par_1_1' title="bbox 500 390 1171 447">
     <span class='ocr_line' id='line_1_1' title="bbox 500 390 1171 447; baseline -0.001 0"><span class='ocrx_word' id='word_1_1' title='bbox 500 390 728 447; x_wconf 83' lang='lat' dir='ltr'>ENNIANAE</span> <span class='ocrx_word' id='word_1_2' title='bbox 1047 397 1171 446; x_wconf 81' lang='lat' dir='ltr'>LXXVII</span> 
     </span>
    </p>
   </div>
   <div class='ocr_carea' id='block_1_2' title="bbox 49 539 1213 4114">
    <p class='ocr_par' dir='ltr' id='par_1_2' title="bbox 49 539 1213 1990">
     <span class='ocr_line' id='line_1_2' title="bbox 49 539 1170 634; baseline -0.004 -18"><span class='ocrx_word' id='word_1_3' title='bbox 49 578 161 616; x_wconf 86' lang='lat' dir='ltr'>norum</span> <span class='ocrx_word' id='word_1_4' title='bbox 185 539 348 632; x_wconf 78' lang='lat' dir='ltr'>oppupnara</span> <span class='ocrx_word' id='word_1_5' title='bbox 368 561 450 614; x_wconf 84' lang='lat' dir='ltr'>simul</span> <span class='ocrx_word' id='word_1_6' title='bbox 475 559 598 614; x_wconf 77' lang='lat' dir='ltr'>omnium</span> <span class='ocrx_word' id='word_1_7' title='bbox 615 541 709 630; x_wconf 72' lang='lat' dir='ltr'>portii</span> <span class='ocrx_word' id='word_1_8' title='bbox 726 558 854 630; x_wconf 81' lang='lat' dir='ltr'>adpreasi</span> <span class='ocrx_word' id='word_1_9' title='bbox 876 564 940 612; x_wconf 82' lang='lat' dir='ltr'>sunt</span> <span class='ocrx_word' id='word_1_10' title='bbox 962 551 1056 632; x_wconf 90' lang='lat' dir='ltr'>(XIII.</span> <span class='ocrx_word' id='word_1_11' title='bbox 1075 553 1170 634; x_wconf 88' lang='lat' dir='ltr'>XIV).</span> 
     </span>
     <span class='ocr_line' id='line_1_3' title="bbox 50 660 1171 737; baseline -0.001 -17"><span class='ocrx_word' id='word_1_12' title='bbox 50 662 205 720; x_wconf 80' lang='lat' dir='ltr'>Aemilius</span> <span class='ocrx_word' id='word_1_13' title='bbox 226 680 242 720; x_wconf 91' lang='lat' dir='ltr'>a</span> <span class='ocrx_word' id='word_1_14' title='bbox 265 661 374 720; x_wconf 88' lang='lat' dir='ltr'>Baebio</span> <span class='ocrx_word' id='word_1_15' title='bbox 398 660 534 720; x_wconf 86' lang='lat' dir='ltr'>auxilium</span> <span class='ocrx_word' id='word_1_16' title='bbox 554 668 715 737; x_wconf 88' lang='lat' dir='ltr'>expectans</span> <span class='ocrx_word' id='word_1_17' title='bbox 739 677 802 717; x_wconf 91' lang='lat' dir='ltr'>cunr</span> <span class='ocrx_word' id='word_1_18' title='bbox 825 667 854 717; x_wconf 92' lang='lat' dir='ltr'>et</span> <span class='ocrx_word' id='word_1_19' title='bbox 879 667 999 736; x_wconf 85' lang='lat' dir='ltr'>postero</span> <span class='ocrx_word' id='word_1_20' title='bbox 1021 660 1068 720; x_wconf 88' lang='lat' dir='ltr'>dic</span> <span class='ocrx_word' id='word_1_21' title='bbox 1088 660 1171 737; x_wconf 79' lang='lat' dir='ltr'>bigu-</span> 
     </span>
     <span class='ocr_line' id='line_1_4' title="bbox 50 763 1171 842; baseline 0 -17"><span class='ocrx_word' id='word_1_22' title='bbox 50 786 105 826; x_wconf 86' lang='lat' dir='ltr'>res</span> <span class='ocrx_word' id='word_1_23' title='bbox 133 776 276 826; x_wconf 90' lang='lat' dir='ltr'>uenturos</span> <span class='ocrx_word' id='word_1_24' title='bbox 295 768 403 826; x_wconf 88' lang='lat' dir='ltr'>scisset</span> <span class='ocrx_word' id='word_1_25' title='bbox 421 774 450 824; x_wconf 87' lang='lat' dir='ltr'>et</span> <span class='ocrx_word' id='word_1_26' title='bbox 472 766 599 824; x_wconf 77' lang='lat' dir='ltr'><strong>educere</strong></span> <span class='ocrx_word' id='word_1_27' title='bbox 623 765 651 822; x_wconf 90' lang='lat' dir='ltr'>iu</span> <span class='ocrx_word' id='word_1_28' title='bbox 672 763 765 822; x_wconf 80' lang='lat' dir='ltr'><strong>aciem</strong></span> <span class='ocrx_word' id='word_1_29' title='bbox 791 765 951 842; x_wconf 81' lang='lat' dir='ltr'>potuisset,</span> <span class='ocrx_word' id='word_1_30' title='bbox 980 773 1074 824; x_wconf 86' lang='lat' dir='ltr'>tamen</span> <span class='ocrx_word' id='word_1_31' title='bbox 1097 772 1171 825; x_wconf 81' lang='lat' dir='ltr'>imru</span> 
     </span>
     <span class='ocr_line' id='line_1_5' title="bbox 50 874 1173 946; baseline -0.003 -14"><span class='ocrx_word' id='word_1_32' title='bbox 50 879 164 932; x_wconf 73' lang='lat' dir='ltr'>ccultum</span> <span class='ocrx_word' id='word_1_33' title='bbox 190 893 254 932; x_wconf 82' lang='lat' dir='ltr'>suos</span> <span class='ocrx_word' id='word_1_34' title='bbox 283 879 378 946; x_wconf 78' lang='lat' dir='ltr'>terruit,</span> <span class='ocrx_word' id='word_1_35' title='bbox 413 882 442 930; x_wconf 91' lang='lat' dir='ltr'>ut</span> <span class='ocrx_word' id='word_1_36' title='bbox 466 874 628 930; x_wconf 82' lang='lat' dir='ltr'>eutruberet</span> <span class='ocrx_word' id='word_1_37' title='bbox 653 889 712 928; x_wconf 83' lang='lat' dir='ltr'>rem</span> <span class='ocrx_word' id='word_1_38' title='bbox 738 877 766 928; x_wconf 81' lang='lat' dir='ltr'>in</span> <span class='ocrx_word' id='word_1_39' title='bbox 793 874 822 928; x_wconf 84' lang='lat' dir='ltr'>id</span> <span class='ocrx_word' id='word_1_40' title='bbox 847 879 952 944; x_wconf 85' lang='lat' dir='ltr'>tempus</span> <span class='ocrx_word' id='word_1_41' title='bbox 978 890 1031 945; x_wconf 83' lang='lat' dir='ltr'>quo</span> <span class='ocrx_word' id='word_1_42' title='bbox 1052 875 1173 930; x_wconf 79' lang='lat' dir='ltr'>Baebius</span> 
     </span>
     <span class='ocr_line' id='line_1_6' title="bbox 51 973 1171 1052; baseline -0.003 -14"><span class='ocrx_word' id='word_1_43' title='bbox 51 1001 119 1038; x_wconf 81' lang='lat' dir='ltr'>cum</span> <span class='ocrx_word' id='word_1_44' title='bbox 145 985 271 1037; x_wconf 74' lang='lat' dir='ltr'>exercitu</span> <span class='ocrx_word' id='word_1_45' title='bbox 292 984 387 1038; x_wconf 78' lang='lat' dir='ltr'>uenire</span> <span class='ocrx_word' id='word_1_46' title='bbox 409 999 426 1035; x_wconf 90' lang='lat' dir='ltr'>u</span> <span class='ocrx_word' id='word_1_47' title='bbox 449 981 523 1036; x_wconf 81' lang='lat' dir='ltr'>Pisis</span> <span class='ocrx_word' id='word_1_48' title='bbox 540 989 643 1052; x_wconf 82' lang='lat' dir='ltr'>posset.</span> <span class='ocrx_word' id='word_1_49' title='bbox 680 973 725 1034; x_wconf 86' lang='lat' dir='ltr'>CI.</span> <span class='ocrx_word' id='word_1_50' title='bbox 750 973 846 1032; x_wconf 89' lang='lat' dir='ltr'>Liuius</span> <span class='ocrx_word' id='word_1_51' title='bbox 869 973 887 1032; x_wconf 91' lang='lat' dir='ltr'>l.</span> <span class='ocrx_word' id='word_1_52' title='bbox 909 973 928 1031; x_wconf 93' lang='lat' dir='ltr'>I.</span> <span class='ocrx_word' id='word_1_53' title='bbox 954 975 1003 1034; x_wconf 82' lang='lat'>25.</span> <span class='ocrx_word' id='word_1_54' title='bbox 1036 975 1096 1034; x_wconf 90' lang='lat' dir='ltr'>Hac</span> <span class='ocrx_word' id='word_1_55' title='bbox 1119 991 1171 1034; x_wconf 92' lang='lat' dir='ltr'>oc·</span> 
     </span>
     <span class='ocr_line' id='line_1_7' title="bbox 54 1080 1171 1162; baseline -0.004 -18"><span class='ocrx_word' id='word_1_56' title='bbox 54 1086 184 1144; x_wconf 90' lang='lat' dir='ltr'>casioue</span> <span class='ocrx_word' id='word_1_57' title='bbox 212 1085 312 1144; x_wconf 86' lang='lat' dir='ltr'>nescio</span> <span class='ocrx_word' id='word_1_58' title='bbox 347 1084 411 1162; x_wconf 92' lang='lat' dir='ltr'>quis</span> <span class='ocrx_word' id='word_1_59' title='bbox 440 1081 593 1142; x_wconf 78' lang='lat' dir='ltr'>Aemilium</span> <span class='ocrx_word' id='word_1_60' title='bbox 620 1081 735 1140; x_wconf 90' lang='lat' dir='ltr'>uidetur</span> <span class='ocrx_word' id='word_1_61' title='bbox 769 1081 812 1138; x_wconf 91' lang='lat' dir='ltr'>eis</span> <span class='ocrx_word' id='word_1_62' title='bbox 839 1080 990 1138; x_wconf 76' lang='lat' dir='ltr'><strong>sententiis</strong></span> <span class='ocrx_word' id='word_1_63' title='bbox 1023 1082 1171 1140; x_wconf 86' lang='lat' dir='ltr'>inuexisse</span> 
     </span>
     <span class='ocr_line' id='line_1_8' title="bbox 54 1186 1171 1268; baseline -0.004 -18"><span class='ocrx_word' id='word_1_64' title='bbox 54 1209 135 1268; x_wconf 87' lang='lat' dir='ltr'>quas</span> <span class='ocrx_word' id='word_1_65' title='bbox 157 1190 232 1249; x_wconf 92' lang='lat' dir='ltr'>haec</span> <span class='ocrx_word' id='word_1_66' title='bbox 250 1189 411 1267; x_wconf 81' lang='lat' dir='ltr'>fragmenta</span> <span class='ocrx_word' id='word_1_67' title='bbox 433 1205 507 1267; x_wconf 89' lang='lat' dir='ltr'>quae</span> <span class='ocrx_word' id='word_1_68' title='bbox 531 1187 599 1247; x_wconf 92' lang='lat' dir='ltr'>olim</span> <span class='ocrx_word' id='word_1_69' title='bbox 621 1196 651 1246; x_wconf 92' lang='lat' dir='ltr'>ut</span> <span class='ocrx_word' id='word_1_70' title='bbox 667 1195 740 1265; x_wconf 89' lang='lat' dir='ltr'>puto</span> <span class='ocrx_word' id='word_1_71' title='bbox 756 1186 838 1244; x_wconf 89' lang='lat' dir='ltr'>unius</span> <span class='ocrx_word' id='word_1_72' title='bbox 855 1187 994 1246; x_wconf 90' lang='lat' dir='ltr'>orationis</span> <span class='ocrx_word' id='word_1_73' title='bbox 1015 1186 1171 1264; x_wconf 85' lang='lat' dir='ltr'>complexu</span> 
     </span>
     <span class='ocr_line' id='line_1_9' title="bbox 54 1290 1169 1357; baseline -0.005 -1"><span class='ocrx_word' id='word_1_74' title='bbox 54 1295 286 1357; x_wconf 73' lang='lat' dir='ltr'>continebantur</span> <span class='ocrx_word' id='word_1_75' title='bbox 305 1292 382 1353; x_wconf 89' lang='lat' dir='ltr'>XVi.</span> <span class='ocrx_word' id='word_1_76' title='bbox 404 1292 495 1353; x_wconf 91' lang='lat' dir='ltr'>XVII.</span> <span class='ocrx_word' id='word_1_77' title='bbox 516 1292 620 1353; x_wconf 84' lang='lat' dir='ltr'>XVIII.</span> <span class='ocrx_word' id='word_1_78' title='bbox 644 1291 714 1352; x_wconf 86' lang='lat' dir='ltr'>XIX</span> <span class='ocrx_word' id='word_1_79' title='bbox 737 1291 885 1352; x_wconf 87' lang='lat' dir='ltr'>exhibent.</span> <span class='ocrx_word' id='word_1_80' title='bbox 930 1290 1057 1350; x_wconf 80' lang='lat' dir='ltr'>Tandem</span> <span class='ocrx_word' id='word_1_81' title='bbox 1080 1297 1169 1350; x_wconf 80' lang='lat' dir='ltr'>Aemi-</span> 
     </span>
     <span class='ocr_line' id='line_1_10' title="bbox 52 1403 1171 1478; baseline -0.005 -16"><span class='ocrx_word' id='word_1_82' title='bbox 52 1410 118 1476; x_wconf 83' lang='lat' dir='ltr'><strong><em>lius,</em></strong></span> <span class='ocrx_word' id='word_1_83' title='bbox 133 1413 282 1478; x_wconf 79' lang='lat' dir='ltr'><em>postquam</em></span> <span class='ocrx_word' id='word_1_84' title='bbox 296 1405 364 1460; x_wconf 78' lang='lat' dir='ltr'>m&#39;lrit</span> <span class='ocrx_word' id='word_1_85' title='bbox 376 1421 493 1476; x_wconf 81' lang='lat' dir='ltr'>usquam</span> <span class='ocrx_word' id='word_1_86' title='bbox 507 1405 607 1459; x_wconf 75' lang='lat' dir='ltr'>ausilii</span> <span class='ocrx_word' id='word_1_87' title='bbox 619 1403 863 1458; x_wconf 76' lang='lat' dir='ltr'>ostendebatur-</span> <span class='ocrx_word' id='word_1_88' title='bbox 880 1403 919 1456; x_wconf 86' lang='lat' dir='ltr'>ud</span> <span class='ocrx_word' id='word_1_89' title='bbox 933 1407 1061 1474; x_wconf 84' lang='lat' dir='ltr'>quattuor</span> <span class='ocrx_word' id='word_1_90' title='bbox 1070 1409 1171 1474; x_wconf 83' lang='lat' dir='ltr'>portua</span> 
     </span>
     <span class='ocr_line' id='line_1_11' title="bbox 54 1495 1177 1583; baseline -0.005 -15"><span class='ocrx_word' id='word_1_91' title='bbox 54 1516 215 1568; x_wconf 74' lang='lat' dir='ltr'>exarcatum</span> <span class='ocrx_word' id='word_1_92' title='bbox 237 1514 383 1579; x_wconf 76' lang='lat' dir='ltr'>iustruxit,</span> <span class='ocrx_word' id='word_1_93' title='bbox 405 1519 435 1566; x_wconf 89' lang='lat' dir='ltr'>ut</span> <span class='ocrx_word' id='word_1_94' title='bbox 454 1514 531 1583; x_wconf 79' lang='lat' dir='ltr'>sipno</span> <span class='ocrx_word' id='word_1_95' title='bbox 552 1511 615 1565; x_wconf 83' lang='lat' dir='ltr'>dato</span> <span class='ocrx_word' id='word_1_96' title='bbox 637 1510 719 1564; x_wconf 70' lang='lat' dir='ltr'>umul</span> <span class='ocrx_word' id='word_1_97' title='bbox 737 1525 774 1564; x_wconf 79' lang='lat' dir='ltr'>eu</span> <span class='ocrx_word' id='word_1_98' title='bbox 795 1509 918 1564; x_wconf 84' lang='lat' dir='ltr'>omnibus</span> <span class='ocrx_word' id='word_1_99' title='bbox 934 1508 1063 1578; x_wconf 76' lang='lat' dir='ltr'>partibus</span> <span class='ocrx_word' id='word_1_100' title='bbox 1086 1495 1177 1578; x_wconf 79' lang='lat' dir='ltr'>erup·¹</span> 
     </span>
     <span class='ocr_line' id='line_1_12' title="bbox 56 1613 1169 1689; baseline -0.005 -17"><span class='ocrx_word' id='word_1_101' title='bbox 56 1623 160 1674; x_wconf 82' lang='lat' dir='ltr'>tionem</span> <span class='ocrx_word' id='word_1_102' title='bbox 187 1618 316 1689; x_wconf 74' lang='lat' dir='ltr'>fecererat</span> <span class='ocrx_word' id='word_1_103' title='bbox 337 1649 381 1658; x_wconf 93' lang='lat'><em>-</em></span> <span class='ocrx_word' id='word_1_104' title='bbox 409 1624 528 1688; x_wconf 81' lang='lat' dir='ltr'>quantus</span> <span class='ocrx_word' id='word_1_105' title='bbox 550 1616 646 1686; x_wconf 86' lang='lat' dir='ltr'>pudor</span> <span class='ocrx_word' id='word_1_106' title='bbox 673 1622 744 1669; x_wconf 82' lang='lat' dir='ltr'>essu</span> <span class='ocrx_word' id='word_1_107' title='bbox 769 1617 886 1670; x_wconf 81' lang='lat' dir='ltr'>edocens</span> <span class='ocrx_word' id='word_1_108' title='bbox 904 1615 939 1668; x_wconf 86' lang='lat' dir='ltr'>ub</span> <span class='ocrx_word' id='word_1_109' title='bbox 960 1613 1106 1684; x_wconf 81' lang='lat' dir='ltr'>Lt&#39;puribus</span> <span class='ocrx_word' id='word_1_110' title='bbox 1128 1615 1169 1667; x_wconf 90' lang='lat' dir='ltr'>tu-</span> 
     </span>
     <span class='ocr_line' id='line_1_13' title="bbox 56 1719 1173 1795; baseline -0.005 -17"><span class='ocrx_word' id='word_1_111' title='bbox 56 1724 187 1779; x_wconf 85' lang='lat' dir='ltr'>trom&#39;bua</span> <span class='ocrx_word' id='word_1_112' title='bbox 217 1724 310 1778; x_wconf 80' lang='lat' dir='ltr'>uerius</span> <span class='ocrx_word' id='word_1_113' title='bbox 338 1741 421 1795; x_wconf 83' lang='lat' dir='ltr'>quam</span> <span class='ocrx_word' id='word_1_114' title='bbox 449 1723 569 1778; x_wconf 75' lang='lat' dir='ltr'>hostibus</span> <span class='ocrx_word' id='word_1_115' title='bbox 597 1723 673 1785; x_wconf 78' lang='lat' dir='ltr'>iustis</span> <span class='ocrx_word' id='word_1_116' title='bbox 695 1721 852 1776; x_wconf 86' lang='lat' dir='ltr'>Romuuum</span> <span class='ocrx_word' id='word_1_117' title='bbox 877 1721 1028 1780; x_wconf 64' lang='lat' dir='ltr'>caeercituum</span> <span class='ocrx_word' id='word_1_118' title='bbox 1053 1719 1173 1774; x_wconf 75' lang='lat' dir='ltr'><strong><em>obsideri</em></strong></span> 
     </span>
     <span class='ocr_line' id='line_1_14' title="bbox 58 1805 1213 1920; baseline -0.006 -35"><span class='ocrx_word' id='word_1_119' title='bbox 58 1825 176 1903; x_wconf 86' lang='lat' dir='ltr'>(Liuius</span> <span class='ocrx_word' id='word_1_120' title='bbox 200 1823 219 1884; x_wconf 93' lang='lat' dir='ltr'>l.</span> <span class='ocrx_word' id='word_1_121' title='bbox 243 1823 262 1882; x_wconf 92' lang='lat' dir='ltr'>l.</span> <span class='ocrx_word' id='word_1_122' title='bbox 287 1822 354 1904; x_wconf 79' lang='lat'>27),</span> <span class='ocrx_word' id='word_1_123' title='bbox 381 1821 468 1904; x_wconf 83' lang='lat' dir='ltr'>atque</span> <span class='ocrx_word' id='word_1_124' title='bbox 490 1813 546 1884; x_wconf 87' lang='lat' dir='ltr'>buc</span> <span class='ocrx_word' id='word_1_125' title='bbox 569 1817 667 1882; x_wconf 83' lang='lat' dir='ltr'>refero</span> <span class='ocrx_word' id='word_1_126' title='bbox 690 1821 718 1880; x_wconf 94' lang='lat' dir='ltr'>id</span> <span class='ocrx_word' id='word_1_127' title='bbox 738 1805 815 1901; x_wconf 85' lang='lat' dir='ltr'>quod</span> <span class='ocrx_word' id='word_1_128' title='bbox 833 1830 899 1900; x_wconf 89' lang='lat' dir='ltr'>post</span> <span class='ocrx_word' id='word_1_129' title='bbox 916 1820 986 1881; x_wconf 93' lang='lat' dir='ltr'>XIX</span> <span class='ocrx_word' id='word_1_130' title='bbox 1007 1821 1171 1900; x_wconf 89' lang='lat' dir='ltr'>ponendum</span> <span class='ocrx_word' id='word_1_131' title='bbox 1194 1819 1213 1920; x_wconf 71' lang='grc' dir='ltr'>7Ι</span> 
     </span>
     <span class='ocr_line' id='line_1_15' title="bbox 58 1928 261 1990; baseline -0.02 0"><span class='ocrx_word' id='word_1_132' title='bbox 58 1940 124 1990; x_wconf 87' lang='lat' dir='ltr'>erat</span> <span class='ocrx_word' id='word_1_133' title='bbox 143 1929 180 1989; x_wconf 80' lang='lat' dir='ltr'>fr.</span> <span class='ocrx_word' id='word_1_134' title='bbox 196 1928 261 1988; x_wconf 88' lang='lat' dir='ltr'>XV.</span> 
     </span>
    </p>

    <p class='ocr_par' dir='ltr' id='par_1_3' title="bbox 59 2032 1170 2430">
     <span class='ocr_line' id='line_1_16' title="bbox 105 2032 1170 2112; baseline -0.001 -19"><span class='ocrx_word' id='word_1_135' title='bbox 105 2087 121 2103; x_wconf 77' lang='grc'>,,</span> <span class='ocrx_word' id='word_1_136' title='bbox 148 2035 260 2093; x_wconf 86' lang='lat' dir='ltr'>Eodem</span> <span class='ocrx_word' id='word_1_137' title='bbox 284 2052 358 2093; x_wconf 89' lang='lat' dir='ltr'>anno</span> <span class='ocrx_word' id='word_1_138' title='bbox 388 2033 497 2094; x_wconf 90' lang='lat' dir='ltr'>bellurn</span> <span class='ocrx_word' id='word_1_139' title='bbox 527 2043 659 2092; x_wconf 77' lang='lat' dir='ltr'>cosmum</span> <span class='ocrx_word' id='word_1_140' title='bbox 687 2036 715 2092; x_wconf 94' lang='lat' dir='ltr'>in</span> <span class='ocrx_word' id='word_1_141' title='bbox 739 2032 876 2111; x_wconf 82' lang='lat' dir='ltr'>Hispania</span> <span class='ocrx_word' id='word_1_142' title='bbox 902 2032 1056 2109; x_wconf 75' lang='lat' dir='ltr'>citeriore,</span> <span class='ocrx_word' id='word_1_143' title='bbox 1085 2051 1170 2112; x_wconf 88' lang='lat' dir='ltr'>quam</span> 
     </span>
     <span class='ocr_line' id='line_1_17' title="bbox 60 2135 1170 2219; baseline 0.003 -22"><span class='ocrx_word' id='word_1_144' title='bbox 60 2139 97 2212; x_wconf 84' lang='lat' dir='ltr'>Q.</span> <span class='ocrx_word' id='word_1_145' title='bbox 123 2138 241 2198; x_wconf 83' lang='lat' dir='ltr'>Fuluius</span> <span class='ocrx_word' id='word_1_146' title='bbox 264 2139 388 2200; x_wconf 78' lang='lat' dir='ltr'>Flaccus</span> <span class='ocrx_word' id='word_1_147' title='bbox 408 2141 586 2219; x_wconf 90' lang='lat' dir='ltr'>prouinciam</span> <span class='ocrx_word' id='word_1_148' title='bbox 608 2139 767 2199; x_wconf 88' lang='lat' dir='ltr'>obtinebat.</span> <span class='ocrx_word' id='word_1_149' title='bbox 813 2135 901 2196; x_wconf 86' lang='lat' dir='ltr'>Cuius</span> <span class='ocrx_word' id='word_1_150' title='bbox 918 2137 989 2197; x_wconf 90' lang='lat' dir='ltr'>belli</span> <span class='ocrx_word' id='word_1_151' title='bbox 1005 2140 1170 2216; x_wconf 83' lang='lat' dir='ltr'>decursum,</span> 
     </span>
     <span class='ocr_line' id='line_1_18' title="bbox 60 2243 1169 2324; baseline 0 -20"><span class='ocrx_word' id='word_1_152' title='bbox 60 2248 88 2304; x_wconf 91' lang='lat' dir='ltr'>irr</span> <span class='ocrx_word' id='word_1_153' title='bbox 113 2263 172 2324; x_wconf 88' lang='lat' dir='ltr'>quo</span> <span class='ocrx_word' id='word_1_154' title='bbox 195 2245 231 2304; x_wconf 89' lang='lat' dir='ltr'>ir.</span> <span class='ocrx_word' id='word_1_155' title='bbox 254 2243 318 2304; x_wconf 91' lang='lat' dir='ltr'>XX.</span> <span class='ocrx_word' id='word_1_156' title='bbox 342 2245 420 2310; x_wconf 87' lang='lat' dir='ltr'>XXI.</span> <span class='ocrx_word' id='word_1_157' title='bbox 440 2244 523 2304; x_wconf 90' lang='lat' dir='ltr'>XXII</span> <span class='ocrx_word' id='word_1_158' title='bbox 546 2245 646 2304; x_wconf 88' lang='lat' dir='ltr'>sedem</span> <span class='ocrx_word' id='word_1_159' title='bbox 668 2245 796 2305; x_wconf 87' lang='lat' dir='ltr'>nancisci</span> <span class='ocrx_word' id='word_1_160' title='bbox 821 2247 971 2323; x_wconf 82' lang='lat' dir='ltr'>poterant,</span> <span class='ocrx_word' id='word_1_161' title='bbox 993 2244 1088 2304; x_wconf 87' lang='lat' dir='ltr'>Liuius</span> <span class='ocrx_word' id='word_1_162' title='bbox 1113 2247 1131 2306; x_wconf 97' lang='lat' dir='ltr'>l.</span> <span class='ocrx_word' id='word_1_163' title='bbox 1150 2245 1169 2304; x_wconf 93' lang='lat' dir='ltr'>l.</span> 
     </span>
     <span class='ocr_line' id='line_1_19' title="bbox 59 2353 367 2430; baseline 0 -19"><span class='ocrx_word' id='word_1_164' title='bbox 59 2353 94 2412; x_wconf 88' lang='grc'>31</span> <span class='ocrx_word' id='word_1_165' title='bbox 121 2371 188 2430; x_wconf 87' lang='lat' dir='ltr'><strong>sqq.</strong></span> <span class='ocrx_word' id='word_1_166' title='bbox 214 2355 367 2412; x_wconf 89' lang='lat' dir='ltr'>enarrauit.</span> 
     </span>
    </p>

    <p class='ocr_par' dir='ltr' id='par_1_4' title="bbox 58 2455 1171 3688">
     <span class='ocr_line' id='line_1_20' title="bbox 145 2455 1169 2535; baseline 0.001 -19"><span class='ocrx_word' id='word_1_167' title='bbox 145 2457 217 2516; x_wconf 90' lang='lat' dir='ltr'>Nam</span> <span class='ocrx_word' id='word_1_168' title='bbox 246 2455 387 2517; x_wconf 84' lang='lat' dir='ltr'>Celtiberi</span> <span class='ocrx_word' id='word_1_169' title='bbox 416 2457 537 2535; x_wconf 89' lang='lat' dir='ltr'>primurn</span> <span class='ocrx_word' id='word_1_170' title='bbox 561 2457 692 2516; x_wconf 88' lang='lat' dir='ltr'>omnibus</span> <span class='ocrx_word' id='word_1_171' title='bbox 721 2458 814 2534; x_wconf 87' lang='lat' dir='ltr'>copiis</span> <span class='ocrx_word' id='word_1_172' title='bbox 841 2457 944 2515; x_wconf 89' lang='lat' dir='ltr'>castris</span> <span class='ocrx_word' id='word_1_173' title='bbox 967 2458 1169 2533; x_wconf 80' lang='lat' dir='ltr'>egrediuntur;</span> 
     </span>
     <span class='ocr_line' id='line_1_21' title="bbox 58 2563 1170 2640; baseline 0 -16"><span class='ocrx_word' id='word_1_174' title='bbox 58 2566 128 2624; x_wconf 90' lang='lat' dir='ltr'>dein</span> <span class='ocrx_word' id='word_1_175' title='bbox 151 2583 215 2624; x_wconf 91' lang='lat' dir='ltr'>cunr</span> <span class='ocrx_word' id='word_1_176' title='bbox 237 2563 383 2621; x_wconf 89' lang='lat' dir='ltr'>Romanus</span> <span class='ocrx_word' id='word_1_177' title='bbox 406 2579 460 2638; x_wconf 90' lang='lat' dir='ltr'>per</span> <span class='ocrx_word' id='word_1_178' title='bbox 482 2563 669 2640; x_wconf 88' lang='lat' dir='ltr'>quadriduum</span> <span class='ocrx_word' id='word_1_179' title='bbox 693 2565 856 2622; x_wconf 90' lang='lat' dir='ltr'>continuum</span> <span class='ocrx_word' id='word_1_180' title='bbox 878 2578 947 2620; x_wconf 94' lang='lat' dir='ltr'>suos</span> <span class='ocrx_word' id='word_1_181' title='bbox 969 2565 1042 2622; x_wconf 90' lang='lat' dir='ltr'>intra</span> <span class='ocrx_word' id='word_1_182' title='bbox 1064 2565 1170 2624; x_wconf 89' lang='lat' dir='ltr'>uallum</span> 
     </span>
     <span class='ocr_line' id='line_1_22' title="bbox 61 2667 1168 2747; baseline 0 -19"><span class='ocrx_word' id='word_1_183' title='bbox 61 2672 237 2744; x_wconf 85' lang='lat' dir='ltr'>contineret,</span> <span class='ocrx_word' id='word_1_184' title='bbox 252 2670 280 2727; x_wconf 92' lang='lat' dir='ltr'>in</span> <span class='ocrx_word' id='word_1_185' title='bbox 295 2669 398 2727; x_wconf 88' lang='lat' dir='ltr'>castris</span> <span class='ocrx_word' id='word_1_186' title='bbox 415 2668 571 2744; x_wconf 85' lang='lat' dir='ltr'>quieuere,</span> <span class='ocrx_word' id='word_1_187' title='bbox 588 2667 733 2747; x_wconf 91' lang='lat' dir='ltr'>equitibus</span> <span class='ocrx_word' id='word_1_188' title='bbox 749 2677 855 2728; x_wconf 89' lang='lat' dir='ltr'>tantum</span> <span class='ocrx_word' id='word_1_189' title='bbox 871 2669 898 2725; x_wconf 89' lang='lat' dir='ltr'>in</span> <span class='ocrx_word' id='word_1_190' title='bbox 914 2670 1067 2727; x_wconf 89' lang='lat' dir='ltr'>stationem</span> <span class='ocrx_word' id='word_1_191' title='bbox 1085 2673 1168 2728; x_wconf 88' lang='lat' dir='ltr'>enris-</span> 
     </span>
     <span class='ocr_line' id='line_1_23' title="bbox 60 2772 1169 2852; baseline 0 -19"><span class='ocrx_word' id='word_1_192' title='bbox 60 2778 102 2834; x_wconf 91' lang='lat' dir='ltr'>sis</span> <span class='ocrx_word' id='word_1_193' title='bbox 118 2773 217 2852; x_wconf 91' lang='lat' dir='ltr'>(XX).</span> <span class='ocrx_word' id='word_1_194' title='bbox 250 2773 310 2832; x_wconf 90' lang='lat' dir='ltr'>Iam</span> <span class='ocrx_word' id='word_1_195' title='bbox 330 2781 449 2850; x_wconf 89' lang='lat' dir='ltr'>praetor</span> <span class='ocrx_word' id='word_1_196' title='bbox 471 2773 616 2832; x_wconf 87' lang='lat' dir='ltr'>Romanus</span> <span class='ocrx_word' id='word_1_197' title='bbox 636 2772 667 2831; x_wconf 89' lang='lat' dir='ltr'>L.</span> <span class='ocrx_word' id='word_1_198' title='bbox 685 2773 809 2832; x_wconf 83' lang='lat' dir='ltr'>Acilium</span> <span class='ocrx_word' id='word_1_199' title='bbox 830 2791 894 2832; x_wconf 89' lang='lat' dir='ltr'>cum</span> <span class='ocrx_word' id='word_1_200' title='bbox 915 2775 1064 2850; x_wconf 90' lang='lat' dir='ltr'>copiarum</span> <span class='ocrx_word' id='word_1_201' title='bbox 1087 2785 1169 2852; x_wconf 89' lang='lat' dir='ltr'>parte</span> 
     </span>
     <span class='ocr_line' id='line_1_24' title="bbox 60 2877 1171 2957; baseline 0.001 -19"><span class='ocrx_word' id='word_1_202' title='bbox 60 2890 147 2940; x_wconf 92' lang='lat' dir='ltr'>noctu</span> <span class='ocrx_word' id='word_1_203' title='bbox 178 2877 271 2957; x_wconf 86' lang='lat' dir='ltr'>(XXI.</span> <span class='ocrx_word' id='word_1_204' title='bbox 291 2877 402 2956; x_wconf 89' lang='lat' dir='ltr'>XXII.)</span> <span class='ocrx_word' id='word_1_205' title='bbox 426 2885 572 2937; x_wconf 80' lang='lat' dir='ltr'>circumire</span> <span class='ocrx_word' id='word_1_206' title='bbox 593 2889 708 2938; x_wconf 82' lang='lat' dir='ltr'>moutam</span> <span class='ocrx_word' id='word_1_207' title='bbox 730 2883 800 2938; x_wconf 84' lang='lat' dir='ltr'>iubet</span> <span class='ocrx_word' id='word_1_208' title='bbox 826 2885 873 2953; x_wconf 82' lang='lat' dir='ltr'>qui</span> <span class='ocrx_word' id='word_1_209' title='bbox 899 2883 933 2936; x_wconf 87' lang='lat' dir='ltr'>ab</span> <span class='ocrx_word' id='word_1_210' title='bbox 955 2892 1030 2954; x_wconf 74' lang='lat' dir='ltr'>serpo</span> <span class='ocrx_word' id='word_1_211' title='bbox 1051 2883 1171 2939; x_wconf 80' lang='lat' dir='ltr'>hostibus</span> 
     </span>
     <span class='ocr_line' id='line_1_25' title="bbox 61 2983 1170 3054; baseline 0.003 -11"><span class='ocrx_word' id='word_1_212' title='bbox 61 2997 137 3044; x_wconf 84' lang='lat' dir='ltr'>erut.-</span> <span class='ocrx_word' id='word_1_213' title='bbox 158 2989 220 3043; x_wconf 83' lang='lat' dir='ltr'>iude</span> <span class='ocrx_word' id='word_1_214' title='bbox 238 2989 284 3042; x_wconf 85' lang='lat' dir='ltr'>ubi</span> <span class='ocrx_word' id='word_1_215' title='bbox 302 2990 448 3043; x_wconf 87' lang='lat' dir='ltr'>ctumorem</span> <span class='ocrx_word' id='word_1_216' title='bbox 468 2988 596 3054; x_wconf 77' lang='lat' dir='ltr'>uuduset,</span> <span class='ocrx_word' id='word_1_217' title='bbox 620 2989 772 3044; x_wconf 79' lang='lat' dir='ltr'>decurrere</span> <span class='ocrx_word' id='word_1_218' title='bbox 787 2990 825 3043; x_wconf 87' lang='lat' dir='ltr'>ud</span> <span class='ocrx_word' id='word_1_219' title='bbox 838 2995 931 3043; x_wconf 80' lang='lat' dir='ltr'>castra</span> <span class='ocrx_word' id='word_1_220' title='bbox 948 3004 1051 3044; x_wconf 85' lang='lat' dir='ltr'>eorum.</span> <span class='ocrx_word' id='word_1_221' title='bbox 1085 2983 1170 3046; x_wconf 81' lang='lat' dir='ltr'>Flac·</span> 
     </span>
     <span class='ocr_line' id='line_1_26' title="bbox 63 3086 1171 3167; baseline 0.003 -19"><span class='ocrx_word' id='word_1_222' title='bbox 63 3109 114 3148; x_wconf 92' lang='lat' dir='ltr'>cus</span> <span class='ocrx_word' id='word_1_223' title='bbox 138 3091 249 3148; x_wconf 88' lang='lat' dir='ltr'>interea</span> <span class='ocrx_word' id='word_1_224' title='bbox 274 3086 440 3148; x_wconf 86' lang='lat' dir='ltr'>Celtiberos</span> <span class='ocrx_word' id='word_1_225' title='bbox 462 3107 478 3148; x_wconf 92' lang='lat' dir='ltr'>a</span> <span class='ocrx_word' id='word_1_226' title='bbox 503 3089 649 3167; x_wconf 90' lang='lat' dir='ltr'>praesidio</span> <span class='ocrx_word' id='word_1_227' title='bbox 674 3099 834 3148; x_wconf 89' lang='lat' dir='ltr'>castrorum</span> <span class='ocrx_word' id='word_1_228' title='bbox 859 3105 976 3147; x_wconf 89' lang='lat' dir='ltr'>suorum</span> <span class='ocrx_word' id='word_1_229' title='bbox 999 3089 1171 3150; x_wconf 84' lang='lat' dir='ltr'>abstrahere</span> 
     </span>
     <span class='ocr_line' id='line_1_27' title="bbox 64 3193 1171 3271; baseline 0.003 -18"><span class='ocrx_word' id='word_1_230' title='bbox 64 3196 175 3254; x_wconf 90' lang='lat' dir='ltr'>studet:</span> <span class='ocrx_word' id='word_1_231' title='bbox 207 3211 242 3252; x_wconf 90' lang='lat' dir='ltr'>ac</span> <span class='ocrx_word' id='word_1_232' title='bbox 271 3193 366 3253; x_wconf 88' lang='lat' dir='ltr'>subito</span> <span class='ocrx_word' id='word_1_233' title='bbox 396 3201 470 3252; x_wconf 82' lang='lat' dir='ltr'>iutra</span> <span class='ocrx_word' id='word_1_234' title='bbox 498 3201 602 3255; x_wconf 85' lang='lat' dir='ltr'>uultum</span> <span class='ocrx_word' id='word_1_235' title='bbox 629 3203 753 3254; x_wconf 76' lang='lat' dir='ltr'>exercitu</span> <span class='ocrx_word' id='word_1_236' title='bbox 778 3201 908 3254; x_wconf 74' lang='lat' dir='ltr'>instructi</span> <span class='ocrx_word' id='word_1_237' title='bbox 936 3199 1022 3254; x_wconf 78' lang='lat' dir='ltr'>tribus</span> <span class='ocrx_word' id='word_1_238' title='bbox 1047 3203 1171 3271; x_wconf 78' lang='lat' dir='ltr'>partibus</span> 
     </span>
     <span class='ocr_line' id='line_1_28' title="bbox 63 3304 1166 3374; baseline 0.002 -16"><span class='ocrx_word' id='word_1_239' title='bbox 63 3307 143 3360; x_wconf 83' lang='lat' dir='ltr'>simul</span> <span class='ocrx_word' id='word_1_240' title='bbox 162 3306 294 3374; x_wconf 76' lang='lat' dir='ltr'>erumpit,</span> <span class='ocrx_word' id='word_1_241' title='bbox 321 3306 469 3358; x_wconf 72' lang='lat' dir='ltr'>clericorem</span> <span class='ocrx_word' id='word_1_242' title='bbox 492 3321 547 3359; x_wconf 84' lang='lat' dir='ltr'>nou</span> <span class='ocrx_word' id='word_1_243' title='bbox 575 3311 680 3360; x_wconf 82' lang='lat' dir='ltr'>tautum</span> <span class='ocrx_word' id='word_1_244' title='bbox 702 3304 741 3357; x_wconf 86' lang='lat' dir='ltr'>ud</span> <span class='ocrx_word' id='word_1_245' title='bbox 761 3304 891 3358; x_wconf 84' lang='lat' dir='ltr'>ardorem</span> <span class='ocrx_word' id='word_1_246' title='bbox 906 3320 1021 3374; x_wconf 82' lang='lat' dir='ltr'>pupuuc</span> <span class='ocrx_word' id='word_1_247' title='bbox 1044 3309 1166 3360; x_wconf 81' lang='lat' dir='ltr'>excitau-</span> 
     </span>
     <span class='ocr_line' id='line_1_29' title="bbox 65 3406 1169 3485; baseline 0.003 -23"><span class='ocrx_word' id='word_1_248' title='bbox 65 3411 128 3462; x_wconf 88' lang='lat' dir='ltr'>dum</span> <span class='ocrx_word' id='word_1_249' title='bbox 153 3409 274 3476; x_wconf 83' lang='lat' dir='ltr'>subluto,</span> <span class='ocrx_word' id='word_1_250' title='bbox 302 3409 354 3462; x_wconf 79' lang='lat' dir='ltr'>aed</span> <span class='ocrx_word' id='word_1_251' title='bbox 377 3410 456 3462; x_wconf 85' lang='lat' dir='ltr'>etium</span> <span class='ocrx_word' id='word_1_252' title='bbox 475 3417 505 3463; x_wconf 88' lang='lat' dir='ltr'>ut</span> <span class='ocrx_word' id='word_1_253' title='bbox 525 3413 573 3482; x_wconf 83' lang='lat' dir='ltr'>qui</span> <span class='ocrx_word' id='word_1_254' title='bbox 592 3412 621 3464; x_wconf 85' lang='lat' dir='ltr'>iu</span> <span class='ocrx_word' id='word_1_255' title='bbox 643 3408 774 3463; x_wconf 83' lang='lat' dir='ltr'>montibus</span> <span class='ocrx_word' id='word_1_256' title='bbox 795 3413 877 3462; x_wconf 85' lang='lat' dir='ltr'>erunt</span> <span class='ocrx_word' id='word_1_257' title='bbox 898 3410 1072 3464; x_wconf 77' lang='lat' dir='ltr'>exaudirent.</span> <span class='ocrx_word' id='word_1_258' title='bbox 1118 3406 1169 3485; x_wconf 81' lang='lat' dir='ltr'>(Vt</span> 
     </span>
     <span class='ocr_line' id='line_1_30' title="bbox 65 3509 1171 3588; baseline -0.001 -20"><span class='ocrx_word' id='word_1_259' title='bbox 65 3509 118 3568; x_wconf 92' lang='lat' dir='ltr'>buc</span> <span class='ocrx_word' id='word_1_260' title='bbox 140 3509 266 3568; x_wconf 85' lang='lat' dir='ltr'>tortasse</span> <span class='ocrx_word' id='word_1_261' title='bbox 286 3510 390 3569; x_wconf 88' lang='lat' dir='ltr'>melius</span> <span class='ocrx_word' id='word_1_262' title='bbox 412 3510 558 3572; x_wconf 80' lang='lat' dir='ltr'>referatur</span> <span class='ocrx_word' id='word_1_263' title='bbox 576 3511 611 3570; x_wconf 89' lang='lat' dir='ltr'>ir.</span> <span class='ocrx_word' id='word_1_264' title='bbox 634 3509 729 3588; x_wconf 90' lang='lat' dir='ltr'>XIV.)</span> <span class='ocrx_word' id='word_1_265' title='bbox 765 3510 814 3568; x_wconf 90' lang='lat' dir='ltr'>Sic</span> <span class='ocrx_word' id='word_1_266' title='bbox 828 3529 921 3584; x_wconf 83' lang='lat' dir='ltr'>prope</span> <span class='ocrx_word' id='word_1_267' title='bbox 942 3516 1001 3568; x_wconf 82' lang='lat' dir='ltr'>siue</span> <span class='ocrx_word' id='word_1_268' title='bbox 1022 3517 1171 3568; x_wconf 81' lang='lat' dir='ltr'>certamine</span> 
     </span>
     <span class='ocr_line' id='line_1_31' title="bbox 64 3622 336 3688; baseline 0.011 -17"><span class='ocrx_word' id='word_1_269' title='bbox 64 3622 209 3688; x_wconf 76' lang='lat' dir='ltr'>cupiuntur</span> <span class='ocrx_word' id='word_1_270' title='bbox 232 3628 336 3674; x_wconf 86' lang='lat' dir='ltr'>custru.</span> 
     </span>
    </p>

    <p class='ocr_par' dir='ltr' id='par_1_5' title="bbox 64 3719 1172 4114">
     <span class='ocr_line' id='line_1_32' title="bbox 145 3719 1168 3799; baseline 0.001 -21"><span class='ocrx_word' id='word_1_271' title='bbox 145 3721 311 3797; x_wconf 89' lang='lat' dir='ltr'>Septimo</span> <span class='ocrx_word' id='word_1_272' title='bbox 335 3720 483 3780; x_wconf 89' lang='lat' dir='ltr'>decimo</span> <span class='ocrx_word' id='word_1_273' title='bbox 508 3723 628 3782; x_wconf 89' lang='lat' dir='ltr'>annali</span> <span class='ocrx_word' id='word_1_274' title='bbox 650 3727 740 3799; x_wconf 76' lang='lat' dir='ltr'>potita</span> <span class='ocrx_word' id='word_1_275' title='bbox 763 3739 811 3779; x_wconf 89' lang='lat' dir='ltr'>res</span> <span class='ocrx_word' id='word_1_276' title='bbox 834 3739 860 3780; x_wconf 90' lang='lat' dir='ltr'>a.</span> <span class='ocrx_word' id='word_1_277' title='bbox 883 3739 910 3778; x_wconf 92' lang='lat' dir='ltr'>u.</span> <span class='ocrx_word' id='word_1_278' title='bbox 934 3738 959 3779; x_wconf 90' lang='lat' dir='ltr'>c.</span> <span class='ocrx_word' id='word_1_279' title='bbox 977 3721 1038 3778; x_wconf 84' lang='lat'>572</span> <span class='ocrx_word' id='word_1_280' title='bbox 1059 3729 1088 3778; x_wconf 85' lang='lat' dir='ltr'>at</span> <span class='ocrx_word' id='word_1_281' title='bbox 1107 3719 1168 3780; x_wconf 78' lang='lat'>573</span> 
     </span>
     <span class='ocr_line' id='line_1_33' title="bbox 64 3823 1168 3904; baseline 0 -20"><span class='ocrx_word' id='word_1_282' title='bbox 64 3832 161 3902; x_wconf 80' lang='lat' dir='ltr'>gestas</span> <span class='ocrx_word' id='word_1_283' title='bbox 189 3826 302 3884; x_wconf 89' lang='lat' dir='ltr'>cecinit.</span> <span class='ocrx_word' id='word_1_284' title='bbox 348 3825 427 3884; x_wconf 88' lang='lat' dir='ltr'>Inter</span> <span class='ocrx_word' id='word_1_285' title='bbox 455 3844 527 3904; x_wconf 88' lang='lat' dir='ltr'>quas</span> <span class='ocrx_word' id='word_1_286' title='bbox 555 3828 607 3886; x_wconf 88' lang='lat' dir='ltr'>init</span> <span class='ocrx_word' id='word_1_287' title='bbox 639 3829 724 3888; x_wconf 87' lang='lat' dir='ltr'>etiam</span> <span class='ocrx_word' id='word_1_288' title='bbox 754 3826 832 3902; x_wconf 92' lang='lat' dir='ltr'>quod</span> <span class='ocrx_word' id='word_1_289' title='bbox 856 3823 977 3900; x_wconf 80' lang='lat' dir='ltr'>Cicero,</span> <span class='ocrx_word' id='word_1_290' title='bbox 1005 3843 1090 3902; x_wconf 85' lang='lat' dir='ltr'>quam</span> <span class='ocrx_word' id='word_1_291' title='bbox 1112 3825 1168 3884; x_wconf 91' lang='lat' dir='ltr'>Hu-</span> 
     </span>
     <span class='ocr_line' id='line_1_34' title="bbox 65 3915 1169 4012; baseline 0.001 -25"><span class='ocrx_word' id='word_1_292' title='bbox 65 3932 127 4006; x_wconf 80' lang='lat' dir='ltr'>gius</span> <span class='ocrx_word' id='word_1_293' title='bbox 148 3929 289 4005; x_wconf 82' lang='lat' dir='ltr'>laudauit,</span> <span class='ocrx_word' id='word_1_294' title='bbox 313 3932 341 3988; x_wconf 89' lang='lat' dir='ltr'>in</span> <span class='ocrx_word' id='word_1_295' title='bbox 357 3931 489 3990; x_wconf 90' lang='lat' dir='ltr'>oratione</span> <span class='ocrx_word' id='word_1_296' title='bbox 511 3933 547 3992; x_wconf 93' lang='lat' dir='ltr'>de</span> <span class='ocrx_word' id='word_1_297' title='bbox 568 3935 724 4012; x_wconf 90' lang='lat' dir='ltr'>prouinciis</span> <span class='ocrx_word' id='word_1_298' title='bbox 750 3915 951 3990; x_wconf 78' lang='lat' dir='ltr'>consularIbus</span> <span class='ocrx_word' id='word_1_299' title='bbox 979 3949 1005 3989; x_wconf 93' lang='lat' dir='ltr'>c.</span> <span class='ocrx_word' id='word_1_300' title='bbox 1028 3931 1046 3989; x_wconf 84' lang='grc'>9</span> <span class='ocrx_word' id='word_1_301' title='bbox 1069 3931 1169 3989; x_wconf 89' lang='lat' dir='ltr'>tradit:</span> 
     </span>
     <span class='ocr_line' id='line_1_35' title="bbox 66 4023 1172 4114; baseline -0.002 -20"><span class='ocrx_word' id='word_1_302' title='bbox 66 4059 101 4096; x_wconf 84' lang='lat' dir='ltr'>au</span> <span class='ocrx_word' id='word_1_303' title='bbox 128 4057 192 4094; x_wconf 83' lang='lat' dir='ltr'>uero</span> <span class='ocrx_word' id='word_1_304' title='bbox 220 4039 262 4094; x_wconf 89' lang='lat' dir='ltr'>M.</span> <span class='ocrx_word' id='word_1_305' title='bbox 286 4042 331 4095; x_wconf 85' lang='lat' dir='ltr'>itte</span> <span class='ocrx_word' id='word_1_306' title='bbox 353 4041 488 4111; x_wconf 85' lang='lat' dir='ltr'>Lepidus,</span> <span class='ocrx_word' id='word_1_307' title='bbox 512 4044 615 4114; x_wconf 80' lang='lat' dir='ltr'>quibis</span> <span class='ocrx_word' id='word_1_308' title='bbox 636 4027 731 4113; x_wconf 82' lang='lat' dir='ltr'>consui</span> <span class='ocrx_word' id='word_1_309' title='bbox 752 4049 778 4096; x_wconf 91' lang='lat' dir='ltr'>et</span> <span class='ocrx_word' id='word_1_310' title='bbox 800 4023 931 4112; x_wconf 75' lang='lat' dir='ltr'>pontifex</span> <span class='ocrx_word' id='word_1_311' title='bbox 953 4043 1090 4094; x_wconf 76' lang='lat' dir='ltr'>muciruus</span> <span class='ocrx_word' id='word_1_312' title='bbox 1110 4039 1172 4110; x_wconf 84' lang='lat' dir='ltr'>fuit,</span> 
     </span>
    </p>
   </div>
   <div class='ocr_carea' id='block_1_3' title="bbox 63 4123 1174 4324">
    <p class='ocr_par' dir='ltr' id='par_1_6' title="bbox 63 4123 1174 4324">
     <span class='ocr_line' id='line_1_36' title="bbox 67 4123 1174 4226; baseline 0 -26"><span class='ocrx_word' id='word_1_313' title='bbox 67 4164 117 4200; x_wconf 83' lang='lat' dir='ltr'>nou</span> <span class='ocrx_word' id='word_1_314' title='bbox 138 4147 223 4200; x_wconf 88' lang='lat' dir='ltr'>sotum</span> <span class='ocrx_word' id='word_1_315' title='bbox 244 4149 393 4202; x_wconf 73' lang='lat' dir='ltr'>memoriae</span> <span class='ocrx_word' id='word_1_316' title='bbox 415 4150 563 4202; x_wconf 82' lang='lat' dir='ltr'>testimonio</span> <span class='ocrx_word' id='word_1_317' title='bbox 583 4123 732 4203; x_wconf 68' lang='lat' dir='ltr'>sedetiam</span> <span class='ocrx_word' id='word_1_318' title='bbox 755 4149 896 4226; x_wconf 80' lang='lat' dir='ltr'>uurzutium</span> <span class='ocrx_word' id='word_1_319' title='bbox 916 4147 1011 4200; x_wconf 80' lang='lat' dir='ltr'>titteris</span> <span class='ocrx_word' id='word_1_320' title='bbox 1030 4151 1056 4199; x_wconf 89' lang='lat' dir='ltr'>et</span> <span class='ocrx_word' id='word_1_321' title='bbox 1075 4148 1174 4200; x_wconf 83' lang='lat' dir='ltr'>summi</span> 
     </span>
     <span class='ocr_line' id='line_1_37' title="bbox 63 4231 1171 4324; baseline -0.001 -18"><span class='ocrx_word' id='word_1_322' title='bbox 63 4255 157 4322; x_wconf 71' lang='lat' dir='ltr'>podiae</span> <span class='ocrx_word' id='word_1_323' title='bbox 177 4266 243 4306; x_wconf 86' lang='lat' dir='ltr'>uoce</span> <span class='ocrx_word' id='word_1_324' title='bbox 265 4231 394 4308; x_wconf 75' lang='lat' dir='ltr'>laudatus</span> <span class='ocrx_word' id='word_1_325' title='bbox 413 4260 461 4322; x_wconf 78' lang='lat' dir='ltr'>est,</span> <span class='ocrx_word' id='word_1_326' title='bbox 480 4253 554 4323; x_wconf 79' lang='lat' dir='ltr'>quod</span> <span class='ocrx_word' id='word_1_327' title='bbox 574 4268 636 4306; x_wconf 89' lang='lat' dir='ltr'>cum</span> <span class='ocrx_word' id='word_1_328' title='bbox 650 4253 690 4307; x_wconf 92' lang='lat' dir='ltr'>M.</span> <span class='ocrx_word' id='word_1_329' title='bbox 713 4255 813 4308; x_wconf 78' lang='lat' dir='ltr'>Fuluio</span> <span class='ocrx_word' id='word_1_330' title='bbox 835 4255 957 4322; x_wconf 69' lang='lat' dir='ltr'>contami,</span> <span class='ocrx_word' id='word_1_331' title='bbox 977 4269 1030 4324; x_wconf 83' lang='lat' dir='ltr'>quo</span> <span class='ocrx_word' id='word_1_332' title='bbox 1045 4253 1088 4306; x_wconf 82' lang='lat' dir='ltr'>dic</span> <span class='ocrx_word' id='word_1_333' title='bbox 1108 4266 1171 4305; x_wconf 85' lang='lat' dir='ltr'>een-</span> 
     </span>
    </p>
   </div>
   <div class='ocr_carea' id='block_1_4' title="bbox 0 0 1423 4934">
    <p class='ocr_par' dir='ltr' id='par_1_7' title="bbox 0 0 1423 4934">
     <span class='ocr_line' id='line_1_38' title="bbox 0 0 1423 4934; baseline 0 0"><span class='ocrx_word' id='word_1_334' title='bbox 0 0 1423 4934; x_wconf 95' lang='lat' dir='ltr'> </span> 
     </span>
    </p>
   </div>
  </div>
 </body>
</html>
