2770 4946
513 353 752 424 notrovrnrc
1128 347 1189 411 159

181 523 288 608 Oubm
312 523 484 606 imstrast,
514 519 636 591 trustra
655 521 747 592 illum
765 521 842 592 dicit
863 525 986 592 trustra
1003 523 1089 593 e'sse.

180 629 261 703 Nam
284 623 338 718 dui
361 647 399 694 se
420 625 570 695 frustrari
591 624 688 720 quern
709 627 850 695 frustras
870 627 979 710 sentit,

108 741 151 800 35
180 729 245 815 Oui
264 728 443 799 frustratur
461 729 634 812 frustrast,
663 727 693 797 si
714 728 767 798 ille
790 751 857 798 non
877 733 928 800 est
946 730 1079 799 frustra.

201 947 219 960 ..
372 955 379 972 ,
620 861 657 934 Π

179 981 287 1054 Meum
310 981 465 1068 nonest,
493 982 582 1052 acsi
605 981 657 1052 me
680 979 772 1052 canis
794 981 1013 1053 momorderit.

613 1119 656 1190 lll

179 1235 399 1320 Quintilianus
421 1235 467 1304 lx
482 1243 520 1319 ¹2,
545 1243 585 1306 36
614 1235 693 1304 ‘sed
721 1236 845 1306 formas
873 1258 1006 1329 quoque
1030 1235 1186 1326 fingimus

71 1359 178 1428 saepe
198 1343 234 1407 ut
254 1341 373 1408 famant
392 1337 581 1429 VergiliuS,
609 1342 649 1407 ut·
667 1340 870 1430 uoluptatem
892 1361 931 1410 ac
953 1338 1105 1408 uirtutem

71 1441 247 1524 Prodicus,
267 1448 302 1511 ut
315 1446 485 1512 mortem
501 1463 546 1510 ae
563 1440 703 1525 uitam,
720 1464 803 1535 quas
817 1442 1056 1512 contendentes
1071 1442 1186 1529 (con-

71 1545 314 1615 sentientes
334 1547 412 1624 Tur.
435 1544 549 1614 Ambr.
572 1545 645 1635 ab)
668 1545 700 1614 in
723 1548 837 1615 satura
858 1547 956 1616 tradit
974 1545 1120 1616 Ennius!
1246 1541 1248 1548 ’

606 1677 655 1749 IV

178 1797 305 1868 Gellius
321 1797 348 1868 ll
364 1807 405 1869 29
434 1797 596 1884 ‘auicula,
619 1797 737 1891 inquit’
758 1799 963 1888 (Aesopus),
988 1801 1056 1867 ‘est
1071 1819 1185 1890 parua,

71 1923 194 1970 nomen
217 1905 268 1970 est
288 1902 419 1971 cassita.
469 1901 603 1970 Habitat
628 1901 859 1995 nidulaturque
879 1901 912 1970 in
936 1901 1125 1992 segetibus,
1154 1902 1187 1971 id

71 2005 176 2073 ferme
195 2004 370 2096 temporiS,
393 2009 429 2073 ut
452 2007 585 2098 appetat
607 2003 725 2074 messis
749 2005 847 2096 pullis
864 2004 929 2072 iarn
948 2004 1010 2072 iarn
1032 2005 1187 2095 pluman-

70 2106 171 2176 tibus,
212 2107 262 2177 Ea
282 2108 405 2178 cassita
428 2108 461 2177 in
483 2111 649 2178 sementes
670 2107 755 2194 forte
776 2109 995 2200 congesserat
1013 2107 1187 2200 tempesti-

70 2309 136 2357 mini
156 2323 263 2358 numero
277 2315 391 2376 septem,
412 2325 518 2372 quorum
534 2311 618 2375 prima
632 2310 681 2360 luit
694 2309 820 2360 enarratio
833 2309 924 2358 horum
938 2323 1058 2358 uersuum
1073 2310 1187 2373 quisunt

70 2379 98 2426 in
113 2379 208 2428 saturis
222 2377 307 2436 Quinti
321 2379 412 2428 Ennii'
431 2379 580 2446 (saturis
594 2381 676 2446 Lugd.
691 2379 812 2446 Magliab.
830 2379 947 2428 satiris
960 2379 1037 2428 ceteri
1091 2382 1186 2444 quiu-

71 2449 180 2496 tieuni
197 2448 273 2496 Voss.
289 2445 404 2512 Thoan.)
428 2453 493 2498 ‘uno
512 2449 678 2501 multifariam
695 2451 773 2516 uerbo
794 2449 949 2498 concinniter
964 2447 1102 2513 implicati:
1124 2465 1186 2514 quo-

69 2533 128 2566 rum
149 2517 297 2582 exemplum
318 2517 367 2567 boc
386 2527 438 2568 cst:
462 2534 520 2568 nom
540 2520 594 2582 qui’
622 2536 645 2569 e.
664 2536 688 2583 q.
705 2535 727 2569 s.
800 2520 822 2568 ll
842 2517 939 2567 Gellius
955 2517 1034 2567 vlle
1053 2521 1185 2585 ‘poposci

70 2587 230 2636 momordi
331 2585 383 2638 Sed
401 2587 429 2647 Q.
453 2589 549 2638 Ennius
571 2591 598 2638 in
618 2590 725 2639 satrrris'
756 2589 806 2654 (iu
828 2587 943 2636 satiris
961 2588 1029 2636 suis
1051 2588 1185 2653 Botteud.)

71 2657 300 2706 ‘memorderit
321 2658 386 2707 dixit
402 2673 448 2723 per
466 2675 480 2708 e
496 2659 621 2718 litteram,
643 2674 693 2708 uon
707 2657 884 2708 momorderit’
905 2656 1185 2721 (momordederit

70 2744 145 2808 Par.)
163 2745 296 2808 ‘Meum,
318 2749 421 2810 inquit‚’
441 2725 541 2815 (intid
554 2749 627 2814 Par.)
641 2754 719 2800 ‘non
735 2749 795 2798 est’
811 2764 833 2797 e.
846 2762 870 2809 q.
884 2759 905 2795 a.
934 2745 1031 2795 Nonius
1041 2763 1067 2812 p.
1081 2748 1139 2808 140,
1151 2753 1185 2802 25

72 2816 259 2877 ‘memordi,
283 2819 391 2883 poposci
473 2819 499 2868 iu
518 2820 647 2870 ueteribus
668 2820 733 2870 lecta
752 2826 810 2868 sunt
832 2851 904 2866 ....
925 2815 1035 2866 Ennius:
1063 2831 1112 2867 nou
1133 2821 1183 2869 est'

71 2903 94 2937 c.
117 2903 142 2949 q.
163 2902 185 2936 s.

71 3092 209 3156 ianIouti
222 3089 358 3162 Amphitr.
378 3099 434 3150 αἳ
519 3097 553 3152 si
564 3107 606 3164 sq.
630 3093 755 3146 i'iustrari
778 3085 971 3167 &Q
987 3107 1068 3162 quern
1085 3093 1185 3148 iruslra

73 3193 135 3230 curn
152 3175 220 3230 dicit
242 3175 319 3230 Voss·
404 3181 439 3235 33
456 3194 539 3248 quom
556 3177 695 3244 trustrast]
713 3194 793 3270 quern
812 3181 957 3233 frustratur
970 3177 1098 3248 plerique
1112 3178 1183 3233 libri.

73 3263 115 3354 qin
130 3284 278 3336 frustratur
289 3282 376 3354 Laod,
450 3279 537 3356 illurn]
549 3299 610 3336 cuut
624 3282 687 3337 libri
770 3288 806 3342 33
820 3285 948 3338 truslrasl
959 3314 1000 3321 -
1011 3286 1047 3342 st
1060 3285 1183 3338 frustrari

73 3381 224 3436 quemom.
242 3363 310 3438 Ray.
398 3367 593 3424 34srsetibrr'
665 3368 780 3421 frustras
796 3369 836 3434 [b.
849 3383 870 3421 r.
886 3369 1030 3434 frustrans
1043 3367 1082 3439 cf.
1098 3367 1183 3440 Troy.

74 3455 137 3516 152)
154 3451 237 3505 sentit
250 3449 371 3522 Muyliab
398 3453 587 3506 frustrassem.
604 3451 631 3506 id
645 3449 713 3526 Rea.
733 3454 914 3507 irustrassent
930 3452 957 3506 id
971 3451 1057 3522 huod.
1076 3449 1182 3508 lbuon.

75 3537 191 3590 frustras
209 3537 278 3589 senti
302 3535 379 3590 Voss
403 3537 502 3590 trustra
520 3538 601 3592 sentit
616 3537 698 3608 uulyo
783 3543 818 3596 35
841 3539 988 3590 frustratur
1010 3537 1033 3589 is
1057 3537 1182 3593 frustrasl

74 3619 160 3691 lntycl
172 3618 302 3691 Moqliob.
319 3621 465 3674 frustratur
480 3621 503 3674 is
522 3623 622 3675 trustra
637 3629 679 3674 est
693 3624 777 3676 ceteri
788 3623 850 3676 libri
934 3622 958 3675 si
975 3622 1098 3692 plerique
1112 3623 1182 3678 libri.

75 3721 99 3774 s3
112 3695 185 3773 (be.
196 3711 252 3771 sel)
261 3705 341 3778 Ray„
354 3705 562 3773 om.Acidalius‚
577 3706 608 3760 G.
616 3705 796 3760 Hermannus
804 3707 893 3760 Elem.
904 3706 991 3760 doctr.
1003 3711 1082 3758 metr.
1092 3723 1122 3777 p.
1130 3713 1182 3766 453

75 3811 121 3880 qui
132 3812 268 3866 trimetros
282 3810 435 3866 trochaicus
446 3813 551 3866 mauult
629 3828 684 3866 non
701 3813 745 3866 ille
765 3811 829 3865 libri
905 3816 947 3864 cst
964 3787 1182 3884 lrustralLuyd„

75 3893 122 3947 sed
133 3901 197 3950 notu
213 3898 241 3950 in
252 3897 378 3967 maraine
393 3899 505 3968 appictu
518 3913 573 3967 qua
588 3898 662 3951 astuci
671 3899 775 3967 corriyi
788 3897 893 3951 iubetur
979 3895 1021 3966 Cf.
1035 3895 1068 3950 de
1082 3897 1181 3950 eisdem

75 3979 197 4034 roudus
204 3979 330 4036 Muretus
342 3981 605 4052 opudCastalionem
620 3979 678 4035 Vor
697 3979 801 4035 Lecto.
809 3985 844 4038 23
855 3980 947 4050 (Grut.
956 3979 1054 4052 comp.
1062 3979 1082 4036 I
1086 3981 1181 4048 Vico)

116 4101 151 4155 36
173 4115 263 4153 mcum
286 4115 339 4154 om.
356 4098 461 4153 Nonius
546 4115 579 4153 ac
596 4099 617 4152 si
636 4116 678 4152 uie
694 4099 764 4152 Par.
789 4098 848 4153 Vnt.
866 4065 964 4174 nisime
977 4072 1102 4151 Rottcnd.
1117 4104 1145 4152 at
1157 4099 1181 4152 si

77 4197 119 4234 ine
133 4186 217 4239 ceteri
229 4183 315 4240 Gellii.
331 4190 359 4237 ut
378 4184 401 4236 si
418 4199 461 4236 rue
478 4183 582 4237 Nonius
667 4186 745 4237 carris
761 4199 814 4237 non
831 4189 904 4239 cerui
921 4187 1041 4253 apparet
1056 4183 1084 4236 iri
1109 4181 1182 4249 Vol,

74 4267 157 4336 possit
169 4269 215 4324 uel
228 4275 307 4324 catus
323 4282 383 4322 esse
