2784 4940
472 1043 819 1152 otrtttttttbtts
854 1041 1110 1135 ttbttbtt

711 1368 838 1430 CAPVT
865 1369 878 1429 i

326 1526 488 1587 Annales
511 1524 709 1602 duodeuiginti
725 1523 806 1586 libris
823 1522 1002 1604 compositos
1020 1515 1110 1580 inisse
1126 1529 1256 1581 constat:
1283 1541 1341 1582 cnm

239 1635 307 1694 oiim
336 1634 458 1708 inerint,
488 1631 592 1710 quibus
622 1630 872 1708 quadragesimum
900 1628 928 1687 ni
958 1626 1058 1686 mirum
1084 1626 1187 1687 librum
1219 1628 1342 1688 leuicuia

238 1741 318 1801 Festi
347 1742 398 1820 (p.
422 1737 483 1798 257
506 1735 567 1816 Μ.)
594 1737 779 1819 corruptela,
812 1755 897 1817 quam
924 1733 1035 1814 pridem
1061 1735 1183 1794 *sustulit
1210 1733 1341 1810 Vrsinus,

239 1846 386 1926 probaret.
432 1843 504 1904 Rem
538 1843 655 1903 coniicit
683 1854 712 1904 ct
741 1845 993 1922 grammaticorum
1024 1841 1185 1916 silentium,
1222 1860 1342 1920 quorun

187 1969 200 2012 ’.
239 1971 324 2014 nemo
349 1953 452 2012 librum
477 1950 552 2009 ultra
574 1949 843 2029 duodetrigesimum
865 1949 979 2024 citauit,
1009 1958 1039 2008 et
1058 1948 1255 2008 testimonium
1278 1949 1343 2010 Dio-

239 2061 330 2120 medis
354 2058 410 2137 (ΙΙΙ
429 2076 457 2137 p.
478 2057 540 2118 480
560 2057 591 2118 Ρ.
611 2057 673 2120 442
692 2055 760 2136 G.):
782 2077 847 2132 epos
861 2061 988 2116 launum
1004 2062 1115 2132 primus
1134 2059 1215 2132 diune
1235 2060 1346 2132 scripsit

225 2175 262 2234 ‚is
275 2173 324 2244 qui
338 2185 384 2225 res
396 2170 586 2225 Romanorum
600 2167 691 2222 decem
707 2163 734 2222 ct
746 2174 805 2224 octo
821 2168 1031 2239 compleamur
1040 2165 1124 2236 tibris,
1137 2167 1219 2238 quiet
1229 2168 1346 2220 annates

237 2275 412 2345 scribuntur,
434 2275 507 2348 quod
527 2275 698 2347 uinculorum
724 2273 789 2346 fere
815 2290 951 2329 annorum
980 2278 1058 2328 actus
1085 2276 1257 2342 concocunt,
1280 2276 1346 2328 sicud

160 2465 166 2470 Π
236 2379 339 2449 publici
360 2381 476 2436 annales
492 2395 560 2452 quoa
576 2379 721 2451 pontifices
731 2380 893 2452 scribaeque
906 2381 1054 2452 confictum!
1065 2381 1112 2436 uei
1125 2379 1254 2449 Rotnani,
1277 2381 1346 2452 quod

240 2485 430 2541 Romanorum
451 2502 497 2541 res
516 2493 608 2560 pestus
629 2486 784 2542 declarant.
819 2479 900 2542 Haud
922 2481 1007 2543 dubie
1026 2479 1158 2559 Ennium,
1182 2502 1270 2563 quem
1292 2501 1344 2541 non

239 2586 308 2647 dicit
334 2589 465 2664 nomine,
501 2589 686 2668 significauit.
736 2585 794 2648 Sed
823 2587 900 2666 quod
926 2597 1042 2668 potitam
1072 2591 1251 2668 singulorum
1285 2591 1344 2649 iere

239 2711 377 2754 annorum
398 2704 480 2754 actus
503 2706 691 2775 persecutum
719 2692 805 2770 dicit,
833 2693 904 2754 illud
932 2713 969 2756 ne
995 2716 1080 2776 quem
1102 2699 1130 2756 in
1154 2712 1287 2756 errorem
1308 2699 1343 2755 in-

239 2800 325 2860 ducat
359 2801 546 2862 animaduerti
580 2801 667 2860 uelim
703 2817 761 2859 uon
795 2809 851 2860 tam
887 2821 903 2862 c
935 2804 1067 2864 carminis
1095 2803 1263 2881 cognitione
1297 2803 1342 2861 iiu-

239 2907 331 2982 xisse‚
355 2925 439 2986 quam
459 2925 516 2987 quo
533 2907 665 2967 carminis
682 2906 804 2966 indicem
820 2924 873 2966 suo
890 2909 1022 2986 periculo
1039 2909 1187 2988 explicare
1203 2926 1342 2986 gramma-

216 3063 217 3068 ,
239 3013 314 3072 ticus
334 3021 498 3091 temptaret.
540 3013 585 3073 An
608 3013 683 3072 inter
700 3013 841 3072 maximos
862 3013 1028 3074 annuisset
1049 3012 1132 3075 Ennii
1152 3016 1268 3094 potisim
1292 3014 1343 3072 troc

239 3128 346 3180 tantum
368 3121 442 3179 inter
464 3121 554 3180 inisse
579 3129 679 3199 putas,
710 3120 788 3196 qnod
813 3118 855 3178 iili
878 3121 1008 3197 pedestri
1030 3131 1060 3181 et
1081 3122 1150 3182 satis
1174 3121 1256 3180 arido
1280 3122 1342 3180 stito

240 3225 447 3300 exarabantur,
470 3224 578 3287 Ennius
610 3243 715 3286 uersus
744 3235 774 3284 ct
801 3228 974 3286 curatiorem
1009 3228 1168 3286 orationem
1196 3223 1342 3286 adhibuit?

239 3333 302 3393 Nec
324 3333 351 3393 id
379 3353 425 3394 mc
452 3333 538 3393 ualde
568 3340 681 3407 mouet,
712 3332 790 3411 quod
818 3335 941 3410 uestigia
964 3334 1105 3411 quaedum
1125 3334 1213 3392 notati
1230 3336 1297 3392 anni
1319 3341 1343 3390 et

239 3442 378 3520 temporis
410 3443 438 3500 in
470 3439 514 3499 his
550 3439 718 3517 fragmentis
750 3457 840 3517 super
871 3449 936 3498 sunt
964 3439 1054 3520 (Anu.
1079 3441 1148 3500 167.
1179 3438 1241 3498 493
1272 3441 1341 3518 sup).

239 3547 329 3606 immo
351 3545 462 3607 Ennius
485 3547 626 3605 communi
653 3555 710 3605 tum
739 3547 880 3624 temporis
907 3545 1045 3607 historiae
1062 3547 1277 3624 significatione
1300 3565 1342 3607 an-

239 3654 321 3715 nales
347 3654 502 3714 nominauit
530 3650 661 3711 historici
686 3653 804 3729 generis
837 3654 948 3732 pobsim
978 3663 1007 3712 et
1034 3671 1108 3734 quae
1138 3672 1153 3713 a
1182 3654 1343 3732 primordiis

240 3761 320 3821 urbis
343 3781 391 3822 res
410 3761 555 3821 Romanas
579 3767 739 3838 repeteret.

323 3867 379 3928 Per
398 3867 490 3928 libros
517 3882 633 3924 carmen
653 3864 716 3942 ipse
743 3871 831 3943 pocta
852 3865 1010 3926 distribuit:
1041 3884 1125 3945 quam
1148 3884 1209 3926 rem
1232 3867 1344 3945 quidam

240 3973 470 4052 aVargunteio,
487 3970 675 4050 grammatico
702 3971 857 4030 institutam
893 3971 1059 4048 adfirmant,
1097 3972 1173 4032 bono
1202 3981 1283 4032 teste
1319 3982 1345 4032 ut

240 4079 294 4138 sibi
319 4081 452 4141 uidentur
473 4078 614 4141 Suetonio
639 4076 700 4153 usi,
729 4079 777 4155 qni
802 4075 855 4156 (dc
878 4077 927 4137 ini.
949 4095 1066 4156 gramm.
1098 4097 1123 4139 c.
1146 4077 1182 4158 2)
1212 4083 1344 4140 bostonus

240 4196 340 4263 tumeo,
363 4187 413 4261 ait,
434 4192 539 4263 imitati,
559 4196 590 4245 ut
610 4191 736 4246 carmina
751 4206 858 4260 porum
877 4189 969 4244 adbuc
991 4190 1156 4262 dsuntlyuto.
1178 4230 1185 4244 .
1207 4189 1344 4262 .dittpeu-

239 4299 292 4351 tius
313 4303 499 4351 retractarent
518 4311 553 4350 uc
571 4295 683 4366 lependo
705 4295 963 4368 commentandoque
984 4297 1064 4350 etium
1084 4298 1182 4351 ceteris
1208 4302 1278 4352 uota
1300 4295 1343 4368 fo-
