2784 4940
219 343 302 390 xtuvl
616 331 930 402 Qvnusutorttts

218 515 381 574 agnoscere
399 495 534 572 uidebar,
558 507 587 556 ut
602 497 748 575 llbergius
768 499 904 576 agnouit,
928 516 993 558 eum
1009 499 1057 576 qui
1074 499 1101 556 in
1118 510 1331 576 prouocantem

219 601 372 682 superbius
397 601 509 670 Gallum
533 603 655 663 inuadit:
694 623 864 684 quamquam
892 621 949 663 non
978 604 1081 664 nescio
1110 604 1256 681 alterum,
1289 609 1332 664 cui

218 709 292 768 bunc
315 726 430 768 uersum
456 707 679 787 accommodes,
704 721 852 772 certamen
875 710 1023 786 singulare
1046 710 1073 768 in
1095 720 1235 788 promptu
1252 730 1330 786 esse,

217 814 303 890 titud,
328 832 385 893 quo
401 813 539 892 Torquati
563 816 650 877 lilium
671 835 734 878 cum
752 819 851 896 equite
867 815 1034 876 Tusculano
1051 832 1249 893 congressum
1266 837 1331 877 esse

217 921 314 980 Liuius
340 920 407 980 Vlll
434 924 452 982 7
479 921 639 1000 perbibuit:
668 936 759 984 mouet
781 928 904 1000 ferocem
931 928 1052 982 comeum
1077 929 1184 982 imanis
1211 942 1264 984 seu
1290 931 1332 982 iro

216 1046 264 1111 sou
296 1031 466 1088 detrectandi
501 1035 659 1089 certaminis
686 1034 804 1107 pudor,
837 1048 887 1088 seu
921 1032 1155 1103 memsupercbilis
1186 1036 1236 1088 uis
1266 1034 1331 1105 sati.-

217 1138 311 1194 obtitus
342 1140 432 1212 itaqua
467 1141 578 1211 inperii
605 1141 697 1212 patrii
727 1141 923 1211 consulamque
956 1138 1037 1192 edicti
1062 1153 1206 1210 praeceps
1242 1128 1283 1192 ad
1307 1139 1333 1192 id

218 1249 356 1300 certamen
386 1247 487 1318 agitur.
541 1240 627 1315 Quod
660 1244 685 1300 si
715 1240 908 1320 praetuleris,
943 1240 1026 1318 primi
1060 1248 1089 1298 et
1114 1240 1241 1300 secundi
1269 1259 1330 1300 uer-

219 1364 300 1406 suum
324 1346 396 1406 ordo
425 1347 582 1408 inuertatur
609 1364 733 1410 necesse
766 1357 820 1407 est.
865 1345 912 1406 llli
937 1363 1022 1423 quam
1048 1360 1105 1422 ego
1128 1355 1252 1404 secutus
1273 1365 1330 1404 sunr

221 1453 384 1512 sententiae
413 1453 456 1511 sin
482 1453 665 1531 astipularis,
699 1473 736 1512 ex
767 1451 885 1512 incertis
915 1451 971 1510 huc
1002 1450 1110 1511 addere
1136 1451 1330 1528 fragmentum

220 1558 319 1618 licebit
348 1559 419 1635 (inc.
442 1560 503 1624 scd.
526 1559 614 1640 XV):
645 1578 703 1639 quo
729 1558 929 1618 detruncatum
957 1556 993 1616 ab
1013 1555 1120 1617 blanlio
1142 1557 1222 1618 Galli
1246 1568 1329 1636 caput

219 1664 400 1743 depingatur.
439 1666 484 1726 De
510 1685 547 1726 eo
569 1667 726 1728 certamine
742 1662 855 1723 Claudii
872 1661 1058 1740 Quadrigarii
1074 1665 1220 1738 narratio,
1249 1683 1329 1742 quarn

219 1771 314 1832 multis
342 1770 502 1832 nominibus
525 1771 700 1832 Niebuhrius
726 1769 798 1829 Hist.
823 1767 906 1828 llum.
931 1767 972 1829 lIl
999 1766 1039 1828 88
1068 1768 1185 1830 Liuiana
1211 1770 1328 1830 inferio-

220 1896 279 1936 rern
306 1877 428 1952 iudicat,
454 1897 509 1956 per
532 1878 617 1938 Gellii
639 1877 805 1938 industriam
833 1873 891 1950 (lX
917 1874 970 1952 13)
1001 1874 1038 1936 ad
1054 1892 1108 1934 uos
1136 1881 1327 1954 permanauit.

219 1980 358 2042 ctaoutus
388 1984 474 2060 igitur
496 1985 569 2044 liaeo
597 1983 652 2045 ibi:
682 1987 729 2042 obi
755 2001 816 2042 eum
843 1988 954 2054 euertit,
978 1990 1065 2058 caput
1084 1987 1243 2067 praecidit,
1278 1995 1329 2044 tor-

221 2107 300 2164 quem
322 2093 444 2150 detraxit
464 2109 578 2167 euinque
599 2094 836 2166 sanguinulentam
864 2092 916 2148 sibi
939 2094 968 2146 io
996 2093 1095 2148 collum
1123 2094 1242 2164 inponit.
1288 2090 1329 2162 Ad

221 2193 342 2254 eundem
364 2213 459 2256 rerum
480 2206 628 2271 tenorem,
657 2195 726 2256 licet
745 2207 849 2254 nexum
872 2210 929 2252 uon
950 2193 1059 2253 certius
1081 2191 1236 2271 definiam,
1262 2215 1328 2275 per·

220 2302 310 2375 tinet,
344 2301 373 2358 ni
403 2299 507 2378 labor,
544 2300 601 2361 hoc
629 2318 746 2380 quoque
774 2299 926 2359 frustulum
951 2311 1051 2376 oquast
1079 2319 1198 2377 aspersa
1226 2307 1330 2362 Mans

224 2404 306 2484 (lll).
347 2405 433 2478 Quod
456 2405 600 2485 llbergius
630 2407 774 2469 inlustrari
799 2405 870 2464 Liuii
903 2407 1068 2465 narratione
1099 2424 1173 2484 quae
1203 2419 1251 2468 est
1278 2409 1329 2468 sub

161 2493 169 2500 ⁸
220 2513 327 2572 initium
351 2511 415 2572 libri
436 2516 531 2574 octaui
552 2514 731 2594 opinabatur.
777 2512 919 2574 Samnites
940 2511 1034 2588 enirn,
1058 2522 1213 2592 postquam
1237 2515 1329 2592 primo

220 2638 283 2680 cum
301 2617 437 2679 Romanis
457 2619 633 2681 debellatum
651 2629 711 2695 est,
734 2619 871 2679 abatinis
890 2614 1103 2697 Campanisque
1119 2619 1327 2681 sollicitantur:

219 2729 256 2787 dc
279 2743 316 2786 eo
336 2725 428 2802 *legati
451 2727 615 2787 Samnitium
639 2724 748 2786 Rornae
771 2726 923 2802 conquesti
947 2733 1026 2785 sunt:
1055 2741 1164 2804 anceps
1184 2745 1200 2786 a
1224 2725 1327 2787 Roma·

219 2833 262 2892 nis
279 2849 450 2910 responsum
465 2825 575 2891 datum:
596 2833 672 2911 quod
690 2829 868 2909 ‘Campanos
884 2839 961 2891 metu
972 2831 1157 2908 abalienauit‚
1173 2833 1218 2893 La
1229 2835 1328 2893 tinos

219 2937 323 2998 uelut
351 2937 442 2997 nihil
462 2939 527 2998 iarn
548 2956 618 2998 non
641 2936 939 2999 concedentibus
959 2935 1132 2999 Romanis
1156 2938 1327 2998 ferocio-

219 3063 278 3104 res
295 3045 328 3103 le
337 3046 403 3103 oit'
420 3043 502 3121 (Vlll
515 3044 560 3125 3).
578 3044 641 3104 lloc
654 3045 728 3104 enirn
740 3042 906 3120 significare
919 3053 999 3121 putat
1011 3051 1139 3124 poetam,
1152 3035 1218 3104 'cum
1227 3063 1327 3123 aquarn

219 3168 368 3230 aspersam
382 3167 449 3208 esse
458 3150 563 3212 Latinis
575 3151 662 3228 dicat,
676 3167 728 3210 eos
741 3148 932 3227 superbiores
945 3152 1086 3210 euasisse.
1105 3151 1213 3211 Verum
1227 3154 1254 3211 is
1266 3171 1326 3212 sen·

220 3275 269 3317 sus
284 3255 381 3316 differt
403 3273 460 3316 nou
484 3257 554 3318 nibil
578 3256 614 3316 ab
638 3256 766 3315 eiusdem
786 3254 941 3314 locutionis
964 3274 1016 3314 usu
1033 3245 1180 3332 Plautino,
1207 3276 1327 3336 qucme

219 3363 370 3428 Bacclcu.
388 3362 449 3422 247
464 3379 638 3439 cognoscas.
673 3362 698 3420 Α
719 3377 775 3438 quo
796 3359 873 3439 quod
890 3359 1019 3422 lloobius
1034 3360 1141 3422 Exere.
1160 3365 1224 3422 orit.
1244 3382 1274 3441 p.
1295 3361 1327 3420 tt

219 3471 327 3531 distare
359 3469 464 3530 dictum
486 3469 645 3529 Ennianum
674 3467 847 3540 arbitratur,
878 3467 976 3544 opinio
1000 3486 1064 3527 eum
1086 3467 1202 3528 ielellit.
1250 3467 1327 3544 Ergo

218 3578 292 3638 haec
314 3586 359 3636 est
382 3577 521 3636 uersiculi
543 3576 702 3648 sententia,
726 3572 832 3633 Latinis
854 3573 1063 3650 trepidantibus
1087 3592 1122 3633 ac
1141 3573 1249 3632 timidis
1267 3572 1326 3631 red·

218 3684 306 3743 ditum
327 3701 395 3742 esse
417 3687 519 3745 nescio
543 3702 601 3764 quo
626 3699 695 3739 casu
718 3680 850 3738 animum.
888 3676 958 3738 Cum
976 3679 1108 3740 Plautino
1130 3678 1205 3735 enim
1230 3697 1326 3754 cspm-

217 3797 276 3850 sisti
302 3811 402 3866 aquam
429 3789 580 3862 conuenit,
609 3787 687 3865 quod
715 3795 837 3864 perapte
867 3785 988 3846 contulit
1012 3784 1150 3845 Erasmus
1179 3781 1277 3860 Adag.
1301 3801 1325 3859 p.

219 3894 297 3972 572,
338 3894 466 3955 Terentii
504 3897 648 3954 reddidisti
680 3899 814 3952 animum:
851 3892 889 3951 cl.
922 3891 1012 3952 Plauti
1041 3890 1127 3950 Truc.
1156 3888 1183 3949 ll
1211 3891 1247 3964 4,
1284 3890 1326 3948 15.

220 4000 307 4062 Curius
323 4003 437 4080 quidem
453 4001 615 4062 sententiae
631 4001 659 4058 in
675 3999 726 4058 illo
742 3999 925 4058 ferocissimo
938 3998 1102 4058 turinorum
1114 3994 1195 4056 bello
1209 3997 1326 4056 occasio

218 4110 324 4169 deesse
348 4126 404 4167 non
434 4111 536 4186 potuit.
588 4106 653 4166 Non
685 4107 723 4164 ita
751 4105 840 4164 multo
871 4114 938 4182 post
962 4102 1116 4181 Campanis
1148 4102 1253 4160 ciuitas
1282 4089 1325 4161 da·

219 4226 285 4290 tur,
329 4215 406 4292 quod
438 4212 533 4272 Liuius
563 4220 660 4272 narrat
693 4209 761 4271 Vlll
793 4211 847 4269 tt:
888 4215 1036 4286 Componis
1067 4215 1185 4284 equitum
1216 4212 1327 4268 mnorir
