2752 4944
525 381 766 456 animumn
824 341 831 350 ⁵
879 433 900 460 ,

512 653 671 739 LIBER
702 655 774 738 xit

639 863 653 934 1

188 981 338 1055 Verrunt
360 982 526 1074 extemplo
546 982 711 1074 placidum
728 1005 819 1054 mare
839 1005 1003 1056 marmore
1019 987 1125 1060 ilauo:

190 1085 387 1159 Caeruleum
406 1090 537 1178 spumat
557 1087 627 1156 sele
647 1088 795 1158 conferta
814 1090 885 1159 rate
902 1089 1045 1180 pulsum.
1156 1137 1158 1144 ·

623 1223 652 1294 II

189 1343 326 1415 Labitur
343 1346 442 1414 uncta
461 1341 587 1413 cenna:
603 1329 706 1414 'uolat
723 1363 826 1434 super
846 1342 988 1436 impetus
1005 1347 1122 1418 undas.

623 1477 665 1550 [Π

71 1587 161 1675 '380
189 1599 273 1672 Gom
291 1599 408 1692 procul
428 1597 591 1691 aspiciunt
609 1598 724 1670 hostes
742 1599 899 1671 accedere
920 1601 1029 1670 uentis

187 1704 336 1776 Nauibus
357 1703 511 1774 ueiiuolis
617 1804 664 1875 IV

186 1908 300 1980 Litora
320 1909 387 1978 lata
408 1911 531 1979 sonunt

623 2026 658 2096 V

188 2143 316 2215 Gellius
339 2143 371 2213 X
394 2151 435 2214 25
466 2143 558 2214 ‘item
579 2144 695 2236 nupia
724 2165 833 2237 genus
860 2142 915 2213 teli
941 2141 1107 2214 Thraecae
1131 2164 1196 2212 na-

69 2248 181 2319 tionis
195 2247 407 2341 positumque
421 2247 484 2318 hoc
500 2249 697 2320 uocabulum
713 2248 747 2317 in
761 2247 870 2331 Quinti
885 2247 983 2318 Enni’
1004 2246 1196 2339 (inquin-

71 2435 149 2485 enim
163 2440 266 2483 ueteres
281 2433 358 2483 etiam
375 2430 443 2483 ualle
456 2433 584 2484 dixerunt.
610 2434 722 2483 Ennius:
742 2434 883 2484 matronae'
904 2449 927 2483 e.
942 2449 967 2496 q.
982 2447 1003 2482 a.
1029 2430 1196 2497 Philargyrus

71 2507 101 2554 in
108 2503 212 2569 Georg.
222 2503 257 2552 lV
266 2500 319 2555 230
328 2505 381 2553 ‘ore
391 2500 461 2568 ioue]
471 2530 507 2540 -
515 2505 662 2570 -ponitur
674 2503 762 2554 eadem
773 2518 825 2554 uox
835 2511 859 2553 et
871 2518 917 2569 pro
927 2503 994 2553 uelle
1006 2501 1076 2567 apud
1086 2502 1195 2552 Ennium

72 2577 101 2624 in
115 2573 196 2623 XIII:
218 2573 359 2624 matronae'
374 2589 397 2623 e.
411 2589 436 2636 q.
450 2587 472 2622 e.
489 2573 520 2622 ‘i.
538 2590 561 2624 e.
574 2574 707 2624 uolentes·
722 2573 797 2640 (xvi
810 2573 831 2624 G
842 2569 944 2635 Licnis)

150 2643 242 2692 Lutea
252 2643 312 2692 xiv
347 2644 357 2692 1
372 2641 470 2694 Gellius
483 2643 552 2695 1126
571 2643 630 2694 ‘sed
643 2659 701 2694 oum
715 2645 802 2694 omnia
815 2643 898 2693 iibens
911 2640 1000 2691 audiui
1013 2653 1078 2701 quac
1091 2638 1196 2704 peritis-

72 2715 146 2764 sime
167 2711 273 2773 dixisti,
292 2720 346 2762 tum
358 2713 470 2762 maxime
484 2712 553 2777 quod
570 2714 718 2764 uarietatem
733 2713 793 2762 ilaui
807 2713 900 2762 coloris
920 2709 1043 2762 enarrasti
1062 2707 1196 2771 fecistique

71 2824 101 2864 ut
124 2810 307 2877 intellegerem
323 2809 403 2859 uerba
420 2810 466 2860 illa
483 2827 516 2862 ex
529 2812 616 2862 annali
631 2819 719 2875 quarto
734 2811 846 2862 decimo'
866 2790 949 2877 (q⁸rto
969 2809 1048 2860 Xilll.
1061 2806 1196 2874 Rottend.)

73 2881 168 2934 ‘Ennii
182 2879 374 2940 amoenissima,
393 2895 458 2942 quae
471 2883 576 2932 minime
589 2882 783 2948 intellegebam:
803 2882 919 2932 uerrunt’
932 2897 954 2931 e.
967 2896 991 2943 q.
1003 2897 1024 2929 s.
1050 2884 1114 2929 ‘nou
1129 2879 1195 2930 euim

72 2952 220 3004 uidebatur
233 2947 418 3000 caeruleum
429 2965 513 3001 mare
526 2968 583 3002 oum
593 2967 747 3002 marmore
758 2951 846 3002 flauo
859 2951 1003 3002 conuenire.
1023 2949 1076 3000 Sed
1086 2966 1142 2999 cum
1154 2949 1196 3006 sit,

72 3027 113 3073 ita
135 3028 165 3071 ut
181 3020 286 3080 dixisti,
304 3018 387 3068 tiauus
403 3019 474 3070 color
488 3023 567 3072 uiridi
586 3030 610 3072 ct
624 3022 683 3072 albo
701 3023 810 3082 mixtus,
829 3020 1001 3090 pulcherrime
1015 3034 1119 3086 prorsus
1135 3034 1196 3088 spu-

74 3109 135 3144 mas
158 3089 266 3140 uireutis
284 3089 363 3138 maris
380 3088 504 3141 ilauom
521 3106 656 3142 marmor
671 3091 831 3158 appellauit)
857 3091 1040 3142 PrieciauuaV
1061 3106 1087 3158 p.
1102 3089 1194 3142 6591).

74 3165 99 3230 (Ι
117 3179 147 3230 p.
159 3159 216 3214 '197
230 3156 276 3223 K.)
290 3160 381 3208 ‘etiam
393 3160 442 3210 hoc
456 3161 526 3212 eale
538 3163 635 3212 Ennius
647 3162 752 3229 protulit
767 3163 793 3211 in
806 3161 875 3212 Xlltl
889 3161 1032 3214 annalium:
1052 3161 1196 3210 caeruleum

137 3247 259 3314 puteum,
279 3260 325 3311 pro
340 3247 428 3297 mare)
450 3247 535 3312 (XUIl
549 3248 629 3315 Saug.
650 3256 764 3314 quarto
783 3249 907 3300 decimo
925 3247 1000 3298 Bern.
1050 3229 1198 3298 annali?

74 3352 211 3403 Haiberst.
248 3363 305 3415 per
315 3364 399 3400 mare
408 3351 649 3418 Lugd.Reg.Sang.
661 3368 788 3402 manere
798 3353 924 3403 Halberet.
938 3323 996 3420 pler
1008 3366 1093 3400 more
1106 3348 1197 3412 Beru.)

151 3421 173 3468 li
192 3419 337 3469 Macrobius
352 3419 405 3470 Sat.
426 3421 463 3470 Vl
481 3421 494 3470 1
514 3437 541 3488 p.
557 3423 609 3474 504
621 3423 679 3473 Jan.
702 3422 811 3472 ‘labitur
827 3430 903 3472 uncta
922 3421 997 3473 uadis
1014 3420 1095 3469 abies.
1120 3419 1195 3485 [Aen.

74 3493 139 3544 VIII
152 3487 198 3556 91]
213 3487 310 3538 Ennius
320 3490 345 3538 iu
357 3499 445 3553 quarto
460 3491 559 3541 decimo
570 3529 576 3542 .
586 3528 591 3541 .
601 3493 621 3542 .'
691 3493 724 3542 iil
743 3491 887 3542 Macrobius
898 3492 951 3542 Sat.
966 3491 1000 3539 Vl
1013 3491 1065 3554 ὀρ.
1074 3489 1125 3539 529
1138 3491 1195 3539 lau.

76 3560 247 3626 ‘despiciens
264 3573 334 3609 mare
352 3560 500 3610 ueiiuolum.
529 3561 605 3628 [Aen.
619 3560 704 3628 1224]
724 3562 814 3611 Liuius
898 3562 994 3610 Ennius
1007 3561 1034 3608 in
1046 3565 1134 3621 quarto
1153 3559 1198 3608 de-

77 3633 150 3682 cimo
171 3665 242 3677 ....
276 3629 344 3678 idem
361 3630 388 3678 iu
407 3629 599 3682 Andromache:
619 3634 686 3699 rapit
704 3647 736 3681 ex
754 3631 805 3682 aito
820 3647 898 3681 narres
916 3629 1060 3681 ueiiuolas.’
1091 3627 1197 3678 Seruius

78 3732 249 3786 Gasseiiauus
261 3731 287 3780 in
297 3732 361 3782 Aen.
376 3733 452 3783 1224
467 3733 591 3782 ‘Enniusz
612 3708 728 3786 nautis
746 3733 931 3785 ueiiuolas.'
1003 3732 1039 3781 IV
1053 3731 1197 3781 Priscianus

77 3805 115 3854 tx
129 3818 158 3869 p,
171 3801 224 3853 803
237 3803 264 3851 P.
280 3801 305 3866 (1
318 3817 345 3868 p.
355 3803 407 3854 455
420 3801 466 3866 Κ.)
486 3803 593 3852 ‘sonuli
610 3807 721 3855 sonitum
734 3833 769 3843 -
780 3803 889 3855 -haec
902 3811 985 3853 tamen
1000 3802 1058 3867 ipsa
1070 3809 1095 3851 et
1108 3817 1198 3850 secun·-

77 3875 143 3924 dum
157 3873 259 3922 tertiam
271 3873 440 3924 uetustissimi
455 3873 592 3938 protulisse
609 3876 771 3926 inueniuntur
782 3874 1002 3940 coniugationam‚
1018 3879 1045 3922 ut
1061 3872 1158 3922 Ennius
1172 3873 1197 3920 in

80 4052 212 4108 senna.
226 4051 315 4106 melos
330 4047 517 4121 Putaram
622 4053 674 4110 att
697 4049 840 4121 piacidum
853 4048 1028 4106 Parrhasius
1047 4048 1088 4104 od
1101 4047 1198 4106 ciaon.

78 4140 109 4192 in
135 4135 236 4207 Rufio.
262 4139 326 4192 tecte
353 4133 476 4189 Merula.
503 4135 614 4205 placide
641 4135 705 4190 libri
806 4138 860 4195 378
889 4135 1031 4190 ceruleum
1056 4133 1198 4190 Hclbcrat.

80 4221 172 4294 Luget.
200 4219 271 4294 ch.
294 4220 382 4275 Bern.
408 4217 502 4274 Prisc.
589 4226 719 4292 spumant
741 4220 811 4293 Rog.
837 4219 929 4276 Prisc.
1017 4219 1089 4287 sale]
1120 4234 1198 4276 mare

82 4307 188 4364 cenna
273 4310 332 4362 rate
344 4304 470 4376 pulsum]
485 4307 630 4376 repulsum
644 4304 772 4362 Rottcnd.
789 4305 867 4364 Getta
1092 4323 1093 4328 ¹
