2752 4944
503 369 743 441 untiovtun

601 538 650 608 Vl

236 719 246 736 .
299 657 810 734 ansatasmitlunldelunibus
862 711 872 728 .
924 711 933 729 .
1002 631 1009 642 “

597 795 657 864 Vll

174 919 273 1004 Quod
294 937 545 1008 peramoenum
564 914 678 986 urbem
699 913 764 983 leni
786 915 859 985 lluit
880 915 1013 1008 agmine
1030 917 1162 988 llumen.

509 1216 670 1300 LIBER
703 1217 747 1300 ll

619 1425 633 1496 l

178 1547 263 1632 Quis
283 1545 371 1638 polis
391 1545 537 1638 ingentis
554 1565 633 1614 oras
650 1511 808 1614 euoluere
825 1543 925 1614 belli?

618 1680 646 1750 11
684 1718 691 1731 ,

177 1803 264 1975 ἔξω
281 1824 356 1872 eum
371 1803 472 1874 eorde
489 1824 552 1872 suo
571 1801 692 1907 diuum¹
705 1811 799 1892 pater
818 1805 917 1895 alque
938 1799 1105 1870 hominum
1128 1821 1188 1870 rex

86 1915 150 1978 180
232 1908 309 1975 atur

594 2005 636 2076 ΠΙ
648 2005 666 2042 ss

179 2177 564 2197 .......
618 2129 734 2196 contra
755 2124 940 2194 oauinanles

180 2230 296 2300 Verba
319 2227 413 2319 [alra]
434 2231 533 2321 alque
555 2229 701 2300 obsoena
720 2228 882 2322 profatus.

72 2431 99 2496 (l
114 2445 144 2496 p.
155 2430 205 2479 411
217 2425 264 2493 11.)
282 2411 463 2494 (misenen)
483 2431 547 2493 ‘quo
561 2430 729 2480 uetustissimi
744 2437 803 2480 sunt
816 2428 871 2488 usi,
891 2433 919 2477 ut
933 2427 1122 2494 supradictum
1136 2433 1190 2478 est:

72 2498 386 2550 EnniusinVannalinm
471 2499 632 2564 (analium
646 2498 737 2564 Bern.)
808 2499 843 2548 Vl
862 2497 1106 2562 Noniusp.55ll‚25
1121 2499 1192 2547 ‘an-

73 2579 189 2628 satne,
225 2568 394 2618 loculamenta
423 2582 480 2617 oum
504 2569 583 2618 ansis.
620 2571 716 2619 Ennius
740 2568 786 2618 lib.
804 2568 828 2617 V
850 2569 905 2616 ...¹
977 2567 1025 2616 VII
1048 2567 1192 2616 Macrobius

73 2639 132 2688 Set.
147 2639 182 2688 Vl
197 2640 215 2687 t
230 2653 256 2702 p.
273 2636 325 2689 519
341 2638 399 2687 Jan.
417 2641 553 2703 tagmen
573 2653 620 2704 pro
641 2647 699 2688 netu
721 2647 745 2688 et
761 2639 836 2688 ductu
856 2637 966 2698 quodum
982 2650 1076 2701 ponere
1090 2650 1139 2684 non
1154 2637 1193 2684 in-

75 2709 184 2774 elegans
198 2717 250 2766 est,
270 2715 311 2756 ut:
331 2706 382 2756 leni
396 2707 451 2756 duit
464 2709 566 2773 agmine
579 2708 699 2773 Thybris.
720 2708 796 2774 [Aen.
811 2704 909 2772 11782]
929 2707 1007 2756 immo
1023 2712 1047 2754 et
1061 2706 1193 2767 antiquum

74 2786 125 2828 est.
155 2778 254 2827 Ennius
271 2777 542 2840 eniminquintouit:
562 2779 644 2842 quod’
664 2795 763 2842 e.q.s.
787 2775 936 2844 (quinto,
956 2790 1007 2824 om.
1023 2776 1070 2834 lu,
1097 2773 1191 2824 Salieb.

75 2847 147 2898 Med.
162 2847 266 2912 Anglio.
283 2843 357 2909 Pur.)

110 2950 203 2999 Lmtt
215 2950 253 2999 Vl
289 2951 300 2998 l
319 2948 490 3007 Quintilianus
501 2949 538 2998 Vl
553 2948 578 3010 3,
592 2948 627 3001 811
641 2949 830 2999 ‘dissimulauit
844 2948 947 3008 Cicero,
963 2963 1021 2998 oum
1033 2947 1094 2998 Sex.
1108 2949 1195 2998 Anum

76 3019 110 3068 lis
134 3021 208 3069 testis
230 3033 301 3068 reum
321 3019 438 3069 laesisset
457 3027 482 3068 et
501 3020 607 3069 instaret
625 3018 765 3070 identidem
784 3027 917 3068 aecusator
935 3019 972 3068 ei:
1005 3018 1047 3069 dio
1066 3018 1099 3068 ll.
1116 3017 1194 3078 Tulli,

76 3087 207 3152 nmquid
224 3095 298 3152 potes
321 3088 353 3139 de
366 3087 444 3137 Sexto
458 3088 570 3138 Annali?
594 3104 684 3140 uersus
702 3090 770 3140 enim
789 3089 874 3139 disere
892 3089 977 3154 eoepit
994 3087 1026 3137 de
1040 3089 1106 3138 libro
1119 3088 1195 3138 Ennii

77 3159 167 3208 annali
180 3166 254 3208 sexto
269 3159 327 3206 ...'
355 3157 499 3208 Macrobius
511 3157 565 3208 Sat.
580 3160 615 3207 Vl
631 3159 644 3208 l
660 3175 687 3225 p.
701 3159 753 3210 500
762 3159 819 3208 lau.
840 3163 879 3208 ‘et
892 3172 992 3208 meeum
1005 3158 1122 3224 ingentes
1137 3173 1195 3208 ores

78 3229 194 3278 euoluite
212 3226 284 3276 belli.
307 3225 382 3292 [Aen.
395 3225 504 3292 111528]
528 3227 625 3277 Ennius
646 3230 672 3278 in
693 3237 767 3279 sexto
784 3229 836 3277 ...'
869 3227 1007 3278 Diomedes
1026 3229 1038 3276 1
1057 3243 1084 3294 p.
1100 3225 1149 3278 381
1166 3229 1193 3277 P.

80 3298 189 3362 ‘potis
210 3304 308 3362 estpro
324 3304 423 3361 potest,
450 3305 478 3346 ut
491 3297 561 3362 apud
573 3299 695 3348 Ennium:
719 3299 790 3362 quis'
817 3314 840 3347 e.
857 3313 882 3360 q.
898 3313 919 3346 e.
956 3295 1062 3348 Seruius
1082 3299 1108 3347 in
1130 3299 1194 3348 Aen.

80 3367 117 3416 111
132 3366 187 3418 528
207 3369 282 3416 ‘onas
295 3365 407 3416 euoluite
420 3367 498 3417 belli:
517 3366 566 3416 hoo
581 3375 619 3418 est
632 3369 743 3434 ingentis
755 3367 827 3417 betti,
856 3376 957 3417 narrate
972 3381 1022 3416 non
1036 3374 1134 3416 tantum
1147 3367 1196 3416 ini-

80 3438 133 3496 tia,
152 3435 202 3485 sed
216 3437 293 3484 etiam
306 3443 420 3486 extrema
431 3436 566 3486 bellorum.
601 3435 666 3488 Nam
680 3453 739 3488 orae
753 3445 811 3486 sunt
830 3437 1012 3487 extremitates.
1047 3438 1092 3486 Est
1111 3444 1196 3486 autem

82 3507 242 3554 Ennianum:
262 3506 322 3572 qui'
337 3521 360 3554 e.
376 3520 402 3567 q.
417 3519 439 3554 s.
510 3506 533 3554 ll
554 3505 697 3557 Macrobius
711 3507 765 3558 Sat.
778 3508 814 3556 Vl
829 3506 842 3555 l
858 3522 885 3572 p.
895 3503 1013 3556 tossen.
1032 3506 1196 3556 ‘oonoilium-

82 3589 132 3638 que
145 3583 223 3624 uocat
232 3575 325 3624 ditium
339 3581 411 3640 pater
424 3583 499 3638 etque
513 3575 645 3626 hominum
657 3593 711 3626 rex.
734 3575 809 3642 [Aen.
820 3576 846 3624 X
854 3573 882 3640 2]
902 3575 997 3624 Ennius
1012 3577 1039 3625 in
1051 3585 1124 3626 sexto
1139 3576 1196 3624 ...⁹

118 3645 154 3693 111
189 3643 296 3694 Seruius
316 3645 343 3693 in
363 3646 428 3693 Aen.
448 3645 509 3693 Vlll
530 3643 581 3696 361
611 3646 683 3697 ‘alii'
712 3647 768 3712 (se.
789 3646 878 3696 dieunt
899 3644 1019 3710 carinas)
1045 3645 1128 3710 ‘quod
1145 3645 1195 3694 lbi’

84 3835 223 3931 missilient
235 3857 325 3913 Bern.
436 3862 487 3920 176
507 3859 604 3916 hastas
619 3861 685 3916 odd.
700 3861 831 3918 Columna
937 3859 988 3917 177
1006 3857 1123 3925 flumen]
1138 3855 1199 3912 fluit

86 3941 187 3998 Solnh.
209 3941 284 3998 Med.
304 3959 341 3997 m.
357 3961 408 4016 pr.
514 3946 566 4004 178
593 3946 640 4016 qui
660 3945 739 4002 Flor.
754 3945 824 4001 Par.
839 3962 859 3999 α
879 3945 971 4000 llario.
989 3941 1078 4014 Gnels.
1102 3941 1198 4014 Camp.

86 4025 262 4094 Quintiliani,
282 4025 382 4083 Solisb.
400 4026 535 4084 Macrobii
540 4071 547 4098 ,
570 4029 686 4085 Seruius
771 4031 970 4085 orareuoluere
986 4027 1057 4084 Par.
1073 4044 1101 4081 u.
1115 4043 1198 4082 orase

87 4113 205 4166 uoluere
226 4111 296 4165 Par.
320 4113 503 4168 bDiomedis.
525 4129 629 4169 causas
651 4116 784 4170 euoluere
811 4114 994 4182 Quintilianus
1077 4112 1199 4184 ingentis

88 4212 156 4251 oras
171 4197 251 4263 belli]
267 4195 306 4266 cf.
323 4195 520 4253 lachmannus
533 4199 573 4253 ud
587 4198 670 4254 anr.
688 4199 708 4254 1
712 4200 739 4256 V
750 4206 801 4259 lm
908 4202 959 4258 179
979 4203 1044 4253 lune
1060 4198 1150 4272 Neap·

132 4287 183 4341 182
204 4288 265 4337 ntra
279 4297 332 4337 om.
345 4281 463 4338 Sennium
547 4289 575 4338 et
588 4290 685 4340 eontra
696 4288 827 4340 earinans
842 4286 929 4340 uerba
947 4291 1029 4356 atque
1048 4283 1202 4340 &imanes
