2784 4940
224 359 299 405 xun
615 345 929 414 QVAESTtONES

223 531 278 573 nae
297 512 459 573 Latinorum
480 521 585 590 gentes
608 511 749 586 dicantur,
774 527 846 588 quas
867 509 909 570 ilii
934 519 1034 570 contra
1057 507 1243 590 Tarquinium
1271 512 1320 572 bel·

224 619 308 680 taturi
331 621 512 679 asciueraut:
540 616 616 676 coni.
641 616 783 691 Dionysio
810 614 903 675 Halic.
932 615 1031 695 Antiq.
1062 615 1145 678 Rom.
1167 618 1210 678 lll
1240 620 1275 678 51
1299 639 1319 698 p.

225 726 286 785 550
309 724 410 786 Reisk.
434 728 584 784 Λατῖνοι.
607 767 614 780 .
639 767 646 782 .
670 719 855 800 ἐψηφίσαντο
875 715 931 800 τήν
954 743 984 782 τε
1010 721 1122 786 οἰκείαν
1149 721 1321 804 δόναμινέξ

223 822 341 908 ἁπάσης
361 825 474 901 πόλεως
506 818 630 908 ἐξάγειν,
660 826 724 888 καὶ
751 831 823 888 τῶν
848 823 1119 911 πλησιοχώρων
1141 829 1268 892 ἐθνῶν
1288 825 1321 892 τοὶ

223 930 407 1018 κράτιστα
431 936 677 1014 παρακαλεῖν.

310 1043 453 1102 Etruriam
476 1040 614 1101 Romanis
632 1039 720 1118 piene
747 1039 895 1100 subactam
924 1043 1030 1102 cecinit
1058 1050 1161 1122 poeta,
1193 1052 1227 1102 ut
1252 1062 1268 1102 e
1293 1044 1320 1103 ir.

223 1151 267 1223 Vl
286 1149 451 1227 conligitur.
496 1146 582 1221 Quod
603 1145 719 1224 quidem
740 1163 798 1204 uon
820 1144 940 1208 Romani
963 1148 1045 1210 ducis
1067 1149 1157 1210 uerba
1186 1151 1320 1209 continet:

222 1260 308 1316 immo
329 1257 367 1316 ita
385 1254 575 1315 Etruscorum
598 1253 735 1332 princeps
765 1252 871 1312 milites
898 1271 968 1314 suos
1005 1265 1127 1334 propter
1148 1257 1321 1316 inminentem

223 1364 357 1423 Etruriae
380 1363 489 1422 ruinam
521 1359 667 1420 adhortari
692 1358 814 1419 uidetur.
860 1358 898 1418 At
924 1358 981 1419 hoc
1004 1359 1193 1421 Etruscorum
1227 1363 1321 1423 bellum

223 1469 332 1528 Ennius
344 1469 540 1546 Tarquinionc
563 1485 598 1526 an
616 1466 721 1525 Seruio
734 1465 829 1525 Tullio
849 1467 1029 1544 ascripserit,
1047 1466 1215 1528 obscurum.
1240 1468 1320 1528 Liuius

225 1575 340 1654 quidem
363 1574 547 1651 Tarquinium
571 1591 635 1631 curu
656 1570 788 1632 Etruscis
811 1571 998 1631 contendisse
1015 1590 1073 1632 non
1094 1575 1195 1635 tradit:
1226 1577 1319 1649 Diony·

225 1684 285 1740 sius
309 1689 403 1740 autem
428 1679 520 1740 Halic.
544 1677 642 1739 11159
666 1697 694 1758 p.
719 1677 780 1739 565
803 1677 903 1737 Reisk.
930 1677 1072 1738 Etruscos
1093 1681 1262 1760 complures
1282 1701 1319 1742 an·

223 1805 278 1846 nos
296 1795 397 1846 contra
420 1785 605 1863 Tarquinium
633 1784 741 1846 bellum
767 1784 900 1861 gessisse
926 1794 1038 1860 narrat,
1068 1805 1102 1846 ac
1125 1788 1242 1848 tandem
1268 1806 1319 1864 gra·

224 1895 344 1953 nissimo
365 1892 480 1971 proelio
504 1892 540 1952 ad
563 1890 664 1950 urbem
687 1890 806 1951 Eretum
832 1889 988 1950 infeliciter
1009 1885 1169 1953 commisso
1193 1896 1224 1952 in
1251 1895 1319 1954 ditio·

109 2037 114 2049 ·
224 2016 289 2058 uem
309 1997 503 2057 Romanorum
533 2016 565 2056 se
595 1995 759 2057 tradidisse.
804 1996 884 2057 Hanc
909 2001 1092 2074 memoriam,
1126 2003 1153 2060 iu
1182 2019 1242 2080 qua
1271 2019 1319 2059 cun

223 2106 365 2180 Dionysio
403 2105 587 2165 consentiunt
618 2101 724 2163 Florus
757 2102 770 2162 l
804 2103 834 2176 5,
870 2103 889 2161 5
922 2113 951 2163 et
984 2102 1106 2164 Orosius
1136 2107 1178 2181 lt,
1219 2110 1239 2168 4
1271 2107 1318 2184 (ci.

224 2211 432 2288 Schweglerus
460 2211 531 2274 Hist
564 2210 647 2268 Rom.
676 2208 690 2267 Ι
718 2209 813 2288 671),
849 2209 874 2266 si
903 2208 1012 2268 Ennius
1038 2220 1156 2272 secutus
1186 2216 1243 2289 sit,
1276 2214 1319 2272 hoc

224 2319 368 2396 proelium
395 2327 491 2396 aptam
520 2318 652 2376 uideatur
677 2316 847 2412 iiii-uersui
878 2317 1063 2376 occasionem
1092 2317 1172 2378 dare.
1227 2320 1319 2379 Verum

222 2425 298 2483 idern
320 2423 478 2498 Dionysius
499 2422 539 2483 lV
561 2422 601 2481 27
629 2441 657 2501 p.
685 2422 745 2481 707
772 2421 873 2480 Reislr.
901 2420 1074 2501 longinqua,
1106 2443 1181 2503 quae
1212 2427 1318 2488 Seruius

224 2531 336 2591 Tullius
361 2539 461 2590 contra
474 2528 615 2589 Etruscos
638 2530 777 2606 gesserit,
795 2527 873 2587 bella
896 2538 1026 2588 enarrat:
1048 2529 1144 2590 Liuius
1164 2532 1177 2592 l
1197 2533 1320 2592 42unun

225 2637 320 2697 Seruii
337 2631 415 2696 ‘cum
437 2635 610 2696 Veientibus
627 2635 750 2712 aliisque
772 2632 914 2693 Etruscis'
937 2635 1044 2695 bellum
1061 2637 1166 2698 leuiter
1183 2646 1319 2710 memorat,

224 2763 240 2804 e
260 2735 407 2823 quo‘iuso
425 2744 533 2819 ingenti
549 2743 674 2801 hostiurn
691 2741 832 2800 exercitu'
849 2742 944 2801 uictor
956 2761 991 2802 ac
1004 2761 1057 2802 rex
1070 2742 1189 2804 Romam
1203 2746 1318 2806 redierit.

225 2851 355 2910 Tertium
374 2850 499 2927 denique
523 2849 714 2924 fragmentum
738 2847 823 2927 (Vll)
847 2865 903 2907 non
925 2850 953 2908 in
981 2852 1064 2910 unius
1093 2869 1209 2930 pugnae
1238 2867 1317 2911 narra·

225 2958 332 3015 tionem
352 2955 496 3033 quadrare
516 2961 647 3033 apertum
671 2961 725 3012 est.

309 3059 354 3119 De
367 3060 498 3119 Seruio
510 3059 634 3118 Tullio
651 3068 761 3118 restant
772 3059 888 3117 omuino
901 3061 957 3120 duo
965 3061 1113 3136 uersiculi,
1126 3081 1247 3140 quorum
1259 3062 1318 3122 alter

179 3243 182 3250 ,
228 3165 287 3244 (X)
311 3175 341 3225 et
364 3167 557 3241 integritatem
571 3174 600 3224 et
613 3167 767 3226 certiorem
779 3166 878 3224 sedern
890 3163 1003 3224 Martini
1019 3165 1127 3227 Hertuii
1140 3166 1317 3229 emendationi

225 3272 324 3346 debet,
341 3272 433 3331 altero
448 3270 520 3351 (xl)
533 3272 644 3332 Dianae
657 3273 794 3352 tempium
806 3272 910 3332 Seruio
923 3281 1043 3332 auctore
1056 3293 1070 3332 a
1084 3273 1191 3334 Latinis
1204 3293 1257 3334 una
1269 3288 1317 3331 curru

226 3378 363 3436 Romanis
387 3375 497 3437 Rornae
520 3377 627 3438 factum
649 3380 803 3457 significari
827 3378 894 3437 mihi
918 3378 1046 3454 uidetur,
1069 3389 1098 3439 ut
1126 3379 1276 3440 uidebatur
1291 3376 1317 3434 li·

226 3484 341 3561 bergio,
364 3484 442 3543 conl.
465 3487 588 3544 maxime
607 3486 687 3545 Liuio
709 3485 721 3544 l
744 3485 785 3544 45
802 3495 884 3544 auem
906 3492 1014 3546 sinitote
1039 3492 1225 3564 mcpm'tucliue
1249 3489 1318 3546 ναοῖο,

223 3597 354 3669 formatis
368 3597 492 3652 omnihus
506 3597 579 3652 dumi
594 3603 620 3652 et
640 3597 679 3652 cd
698 3597 761 3651 belli
772 3601 799 3650 et
819 3595 858 3650 ad
868 3599 952 3668 pacis
973 3614 1048 3668 usus,
1064 3613 1099 3654 ne
1116 3614 1227 3670 semper
1248 3595 1318 3652 cruris

225 3719 291 3774 opes
312 3706 534 3775 acquirerentur,
552 3705 665 3759 consilio
685 3715 789 3774 cupere
809 3704 954 3774 imperium
982 3711 1095 3760 conotus
1120 3710 1173 3772 est,
1202 3703 1280 3760 οἰοιοῖ
1301 3703 1319 3751 tt

225 3810 338 3882 alt'quod
357 3809 462 3864 addere
483 3808 548 3863 urbi
568 3811 652 3864 decus
676 3849 682 3862 .
708 3850 715 3862 .
737 3848 744 3861 .
767 3823 851 3880 saepe
871 3811 997 3867 iterando
1019 3813 1112 3866 ecdem
1130 3813 1254 3883 perpulit
1269 3815 1317 3863 tun·

226 3916 296 3986 dem,
317 3920 349 3970 ut
368 3915 475 3970 Romae
492 3914 593 3986 sunum
616 3915 726 3970 Manae
752 3915 851 3986 populi
872 3915 966 3970 Latini
989 3931 1051 3972 eum
1071 3918 1177 3989 pupulo
1209 3918 1319 3973 Romano

225 4022 362 4092 facereret.

313 4124 427 4184 Relicui
450 4143 554 4183 uersus
570 4143 607 4183 ex
630 4123 748 4184 ultimi
766 4127 871 4202 regis
890 4125 1054 4183 narratione
1073 4125 1237 4202 deprompti
1252 4125 1316 4180 sunt:

230 4248 264 4289 ac
283 4230 463 4307 gubernator
491 4232 569 4307 (siue
598 4231 713 4308 auriga)
737 4229 771 4288 ir.
802 4229 856 4289 ΧΠ
882 4233 984 4290 nescio
1014 4250 1049 4291 au
1076 4231 1127 4291 iile
1156 4233 1317 4309 designetur,
