2752 4944
629 362 861 422 ANNALIVM

658 529 835 602 XXXIV*

294 665 410 736 Exeita
427 687 501 734 curn
519 665 668 736 tremulis
683 689 768 736 anus
785 667 893 736 attulit
909 665 1047 736 artubus
1063 666 1182 752 lumen,

295 769 388 838 Talia
410 774 645 839 commemorat
665 769 856 854 lacrimans,
886 769 1043 840 exterrita
1059 792 1191 843 somno:

296 870 480 942 ‘Euradica
493 877 674 964 prognata,
703 877 799 964 pater
815 895 914 966 qnam
931 876 1048 942 noster
1068 877 1199 961 amauit,

296 975 396 1047 Vires
416 976 549 1068 uitaque
571 998 693 1068 corpus
711 997 820 1046 meum
838 999 926 1046 nunc
948 975 1071 1046 deserit
1094 999 1200 1049 omne.

228 1087 269 1148 40
297 1081 379 1148 Nam
396 1101 448 1148 me
465 1079 561 1148 uisus
578 1079 678 1149 homo
697 1079 834 1171 pulcher
851 1102 912 1172 per
929 1101 1071 1149 amoena
1089 1083 1203 1152 salicta

295 1183 337 1252 Et
355 1183 446 1272 ripas
468 1185 598 1273 raptare
616 1183 777 1275 locosque
797 1205 923 1253 nouos:
954 1182 999 1252 ita
1017 1182 1092 1252 sola

297 1285 451 1370 Postilla,
480 1307 640 1377 germana
662 1308 775 1371 soror,
803 1309 915 1356 errare
939 1285 1075 1355 uidebar

297 1389 472 1481 Tardaque
490 1389 660 1481 uestigare
679 1392 711 1458 et
729 1412 889 1482 quaerere
906 1392 940 1459 te
958 1410 1066 1481 neque
1088 1412 1190 1480 posse

296 1491 404 1563 Corde
421 1513 613 1582 capessere:
644 1492 761 1562 semita
781 1493 872 1562 nulla
893 1493 1012 1584 pedem
1034 1493 1209 1563 stabilibat.

228 1605 268 1665 45
296 1594 380 1665 Exin
402 1594 599 1686 compellare
622 1599 717 1687 pater
738 1617 790 1665 me
812 1617 897 1666 uoce
917 1594 1048 1664 uidetur

296 1698 356 1768 His
373 1698 501 1768 uerbis:
529 1703 579 1768 “o
603 1701 722 1791 gnata,
750 1699 807 1768 tibi
825 1703 904 1770 sunt
920 1700 996 1768 ante
1013 1697 1168 1768 ferendae

297 1804 500 1888 Aerumnae,
528 1806 606 1894 post
626 1825 670 1872 ex
691 1803 795 1873 lluuio
817 1804 951 1872 fortuna
969 1801 1136 1872 resistet.'’

298 1905 389 1974 Haec
412 1905 539 1975 ecfatus
559 1909 669 1997 pater,
697 1927 872 1998 germana,
900 1908 1035 1997 repente
1052 1904 1190 1974 recessit

295 2011 363 2078 Nec
381 2030 457 2078 sese
474 2009 563 2078 dedit
580 2010 842 2100 inconspectum
864 2009 963 2078 corde
986 2008 1127 2099 cupitus,

229 2121 268 2181 50
297 2111 503 2204 Quamquam
526 2112 629 2182 multa
649 2134 766 2182 manus
787 2113 829 2181 ad
849 2111 930 2181 caeli
951 2111 1084 2181 caerula
1102 2110 1222 2200 templa
1307 2197 1311 2202 Δ

297 2215 484 2285 Tendebam
505 2217 690 2286 lacrumans
709 2219 742 2284 et
758 2216 878 2286 blanda
901 2236 984 2284 uoce
1005 2214 1175 2283 uocabam.

295 2318 362 2388 Vix
380 2340 485 2411 aegro
504 2343 579 2390 cum
597 2320 697 2390 corde
716 2341 791 2389 meo
814 2341 866 2388 me
886 2341 1024 2388 somnus
1048 2315 1197 2410 reliquit!

654 2471 785 2544 XXXV
799 2471 839 2511 *¹⁶

288 2563 436 2678 'Ouidius
459 2609 555 2677 Trist.
580 2609 687 2680 11259
719 2609 916 2703 ‘sumpserit
941 2609 1096 2698 annales;
1132 2610 1225 2700 (nihil
1252 2617 1301 2680 est

193 2711 352 2782 hirsutius
373 2711 475 2800 illis3)
503 2712 603 2782 Facta
625 2715 668 2784 sit
689 2717 780 2786 unde
800 2737 922 2806 parens
944 2713 1002 2782 llia
1022 2736 1141 2804 nempe
1163 2715 1273 2806 leget!

192 2913 340 2963 annalibus:
360 2913 435 2975 quos’
455 2929 477 2962 e.
495 2930 519 2976 q.
534 2929 554 2962 s.
627 2917 738 2966 XXXIV
758 2917 846 2967 Cicero
863 2915 895 2966 de
911 2916 964 2965 diu.
985 2916 1052 2975 120,
1069 2917 1104 2966 40
1128 2919 1208 2966 ‘nunc
1226 2925 1251 2966 te
1269 2919 1299 2967 ad

193 2983 294 3033 tabulas
305 2997 397 3032 reuoca
412 2981 454 3031 uel
468 2991 611 3034 nostrorum
625 2988 666 3036 uel
677 2987 830 3038 Graecorum
846 2989 987 3055 poetarum.
1017 2985 1108 3036 Narrat
1119 2987 1184 3038 enirn
1198 2994 1223 3037 et
1232 2989 1298 3053 apud

197 3127 399 3136 ..—-——-

232 3238 267 3292 aa
294 3193 375 3288 da.
398 3234 477 3290 arna
545 3239 678 3292 tremulus
695 3237 758 3292 arr.
825 3240 924 3307 anana
942 3245 1000 3294 anu
1020 3239 1101 3295 rana
1186 3241 1221 3296 ar
1243 3245 1296 3293 ium

190 3325 326 3374 memorat
353 3319 432 3374 Vina.
546 3326 580 3380 38
612 3323 727 3378 eradica
749 3322 811 3379 Eri.
837 3325 974 3397 eurydico
1006 3323 1087 3379 Vina.
1194 3327 1229 3381 39
1260 3325 1296 3377 ni-

190 3407 299 3510 tarisque
322 3435 401 3490 Vind.
507 3443 543 3497 40
562 3456 662 3498 amena
676 3441 739 3496 Erl.
842 3447 878 3501 46
900 3443 955 3513 hijs
970 3443 1031 3497 Ert.
1108 3446 1225 3513 ognata
1238 3441 1297 3496 libri

190 3522 254 3594 aliq.
275 3519 382 3590 Orata,
408 3519 564 3590 Manutius,
587 3525 744 3580 Lambinus.
769 3533 889 3598 cognata
916 3528 995 3583 Vina.
1084 3532 1148 3581 sunt
1170 3533 1231 3580 ante
1252 3526 1294 3580 tibi

190 3611 310 3678 cognata
321 3605 383 3661 arr.
472 3609 606 3664 ferundae
618 3611 758 3678 Dauisius,
774 3612 951 3667 Foertsclrius
967 3611 1076 3678 Quaest.
1095 3607 1298 3682 ratapant!

189 3691 304 3760 (Numb.
321 3693 403 3760 1846)
414 3712 446 3766 p·
459 3701 500 3752 15.
517 3696 659 3766 gerendae
681 3695 761 3750 Vina.
777 3697 902 3768 gerenda
918 3697 979 3751 Erl.
1085 3699 1129 3754 47.
1146 3701 1180 3756 48
1192 3699 1294 3752 inuersa

187 3776 285 3834 ordine
307 3778 433 3849 loquutur
459 3781 487 3834 in
513 3781 593 3837 Vina.
616 3782 695 3851 Ert,
724 3784 895 3853 transposuit
920 3797 935 3837 a
964 3781 1042 3836 codd.
1066 3781 1197 3837 Dauisius

187 3885 221 3940 47
242 3900 356 3938 erumne
373 3884 435 3938 Ert.
523 3888 646 3954 resistet]
662 3889 778 3942 recessit
793 3889 853 3945 Erl.
940 3888 1043 3946 senec
1062 3887 1124 3944 Erl.
1210 3863 1294 3942 esitus

187 3974 267 4039 pater
295 3968 469 4041 Vindpater
490 3969 591 4028 effatus
611 3971 671 4030 Erl.
758 3980 792 4031 50
809 3973 985 4029 manasErl.
1094 3979 1126 4031 51
1143 3974 1295 4028 lacrumans

194 4053 273 4108 Vind.
292 4055 440 4110 lacrimans
456 4057 518 4110 Erl.
606 4056 707 4111 blande
722 4057 784 4111 Erl.
892 4064 926 4117 52
942 4074 1005 4112 cum
1028 4057 1106 4112 Vind.
1125 4064 1181 4112 tum
1198 4057 1256 4111 Erl.

189 4145 285 4327 qomri'
304 4169 434 4325 lVinthq
446 4189 482 4227 m.
502 4176 548 4231 alt.
567 4177 800 4248 superscriptum)
818 4192 905 4231 sonus
921 4175 982 4230 Erl.
1069 4177 1187 4248 relinqui
1221 4177 1293 4232 thd.

206 4273 269 4314 sm.
285 4274 303 4311 a
314 4261 332 4310 t.
347 4273 365 4310 a
405 4297 412 4313 .
