2770 4946
577 358 933 417 tntoonutnnvn

597 525 912 600 CRESPHONTES

366 789 375 806 .
428 736 512 806 inler
529 757 567 806 se
585 735 728 808 sortiunt
747 631 861 804 rlrbem
879 734 979 826 atque
999 757 1113 826 agros,

304 953 392 1024 Audi
411 954 510 1048 alque
530 954 651 1024 auditis
669 851 905 1062 hosllmentum
922 956 1105 1048 adiungilo.

763 1071 803 1109 aa

218 1185 277 1246 155
304 1173 426 1244 Iniuria
444 1175 505 1244 abs
527 1179 560 1246 tc
581 1073 889 1270 adficiolllindigna‚
912 1179 1015 1267 pater.

302 1278 385 1348 Nam
405 1277 434 1347 si
455 1279 629 1370 inprobum
646 1301 723 1350 esse
740 1278 980 1372 Cresphontem
999 1277 1076 1348 ol'un
1093 1279 1282 1369 existimas,

303 1379 371 1452 Cur
388 1403 440 1451 me
458 1380 534 1453 huic
555 1383 689 1453 locabas
706 1383 854 1474 utipliis?
879 1381 939 1452 Sin
959 1382 1011 1452 esi
1032 1383 1170 1471 probuS,

302 1482 370 1555 Cur
387 1483 485 1554 lalem
509 1485 643 1555 inuilarn
670 1487 809 1556 inuitum
827 1485 924 1578 cogis
943 1484 1115 1577 linquere?

708 1605 809 1675 Pater

905 1704 996 1774 Duxi
1011 1704 1169 1795 probum:
1275 1757 1279 1764 .

110 1862 112 1866 Α
219 1815 277 1876 tot]
305 1806 439 1892 Errdui,
465 1811 544 1898 posi
561 1804 723 1900 cognitur,
748 1813 781 1880 ei
798 1807 895 1901 fugio
911 1807 1090 1900 cognitum.

239 1971 439 2023 Gnnsrnonrzs
476 1974 602 2025 lNouius
612 1992 638 2042 p.
650 1975 985 2040 471‚il‘sortirentpro
997 1975 1154 2024 sortirentur.
1180 1976 1320 2026 Varro

203 2047 288 2094 inter
310 2058 342 2092 se
359 2044 508 2093 sortiant.
540 2045 775 2096 moderant
795 2046 942 2095 sortiunt
959 2044 1056 2094 Ennius
1077 2043 1215 2095 Gresiontc

239 2113 260 2160 ll
280 2112 369 2162 Festus
380 2128 407 2177 p.
418 2113 471 2164 270
480 2113 514 2164 Μ.
534 2113 733 2166 ‘redhostire
744 2143 780 2152 -
790 2143 826 2152 -
839 2131 898 2166 nam
912 2122 938 2164 et
949 2113 1074 2166 hostire
1086 2128 1134 2179 pro
1148 2129 1265 2176 aequare
1278 2131 1322 2182 po-

203 2189 316 2233 suerunt.
340 2183 437 2232 Ennius
457 2183 483 2232 in
501 2182 659 2250 Cresphonte
679 2185 732 2234 ...'
801 2185 834 2234 111
858 2184 933 2234 Rhet.
957 2183 990 2234 ad
1002 2183 1156 2234 Herennium
1181 2185 1270 2246 1124,
1291 2185 1322 2236 38

204 2259 321 2302 ‘utuntur
347 2252 427 2316 igitur
456 2253 570 2303 studiose
589 2253 615 2302 in
634 2253 807 2304 confirmanda
823 2255 922 2304 ratione
943 2253 1041 2318 duplici
1059 2253 1241 2315 conclusione,
1275 2255 1321 2305 hoc

205 2321 281 2372 modo
302 2319 474 2386 [too-1581.
506 2321 575 2381 Quae
592 2323 641 2374 lroc
653 2325 729 2375 modo
744 2323 940 2382 concludentur,
963 2330 1053 2372 cutax
1071 2324 1200 2373 contrario
1216 2339 1321 2375 conuer-

203 2401 287 2444 tentur
299 2399 342 2440 aut
355 2405 389 2439 cx
400 2389 513 2457 simplici
526 2401 599 2456 parte
617 2393 844 2458 reprehendentur.
872 2393 911 2443 lix
924 2394 1050 2442 contrario
1066 2393 1114 2442 hoc
1127 2393 1222 2442 modo:

343 2457 440 2509 Nulla
457 2469 486 2509 ta
504 2460 653 2528 indigna,
673 2478 688 2512 o
707 2470 793 2521 nata,
815 2461 939 2512 adlicio
959 2463 1094 2511 iniuria:

344 2528 376 2578 Si
394 2530 514 2596 probus
532 2538 592 2590 est,
611 2532 688 2582 bene
705 2533 826 2582 locaui:
844 2533 895 2581 sin
913 2539 961 2581 est
976 2532 1151 2597 inprobus,

343 2597 492 2648 Dinortic
511 2607 543 2649 te
563 2600 708 2652 liberabo
728 2601 957 2652 incommodis!

205 2670 248 2736 (ln
258 2683 323 2732 quac
333 2669 474 2734 scripturae
485 2668 671 2736 discrepantiae
680 2670 729 2722 hae
738 2679 809 2721 sunt:
825 2671 840 2721 l
854 2679 906 2720 ten
915 2670 1037 2719 Wuerzb.
1110 2684 1186 2719 com.
1197 2670 1256 2719 Par.
1268 2669 1320 2719 Eri.

207 2737 291 2806 Opitn.
307 2737 430 2788 Wuarzb.
501 2745 577 2788 nuta
595 2739 719 2790 adiicic
735 2741 858 2798 Wnerzb.
929 2739 1054 2789 iniuria
1068 2737 1185 2789 allicio
1200 2739 1320 2788 Bambb

206 2808 254 2858 sed
274 2823 332 2857 cum
348 2808 431 2873 signis
447 2810 654 2874 transpositionis
671 2827 705 2858 m.
720 2827 759 2877 pr.
831 2809 962 2860 1111111.
978 2807 1101 2858 Wuerzb.
1173 2808 1257 2859 bene
1276 2808 1321 2856 lo-

206 2879 276 2927 caui
291 2875 393 2926 Aldina.
414 2877 522 2926 locaui
539 2877 629 2928 Bamb.
642 2880 658 2928 b
671 2878 756 2945 Opitn.
772 2879 942 2929 conlocaui
955 2880 1012 2928 Par.
1026 2877 1190 2927 collocaui
1205 2879 1321 2927 Bamba

207 2947 271 2998 Fris.
286 2947 372 2995 Troos.
388 2945 449 2994 Tur.
520 2948 568 2996 siu
583 2964 615 2996 es
633 2948 686 2998 nrt.
702 2951 752 2999 siu
768 2957 870 2998 autem
884 2955 931 2999 est
944 2947 1034 2997 Bamb.
1048 2948 1064 2996 b
1078 2945 1163 3012 Opitn,
1179 2947 1246 3000 Fris.
1261 2945 1318 2996 Tur.
1376 2955 1377 2958 ’

207 3017 256 3066 siu
276 3024 327 3066 aut
347 3016 433 3064 Troas.
506 3017 687 3068 collocabis
705 3020 792 3068 inest
809 3018 933 3067 Wuerzb.
1005 3017 1022 3068 3
1040 3007 1181 3067 diuortii
1197 3017 1251 3067 nrt.

204 3093 233 3134 te
256 3085 359 3135 libero
384 3085 439 3135 nrt.
467 3086 571 3136 libero
596 3095 625 3137 te
648 3089 704 3137 Par.
727 3087 817 3137 Bamb.
838 3103 853 3138 a
876 3088 941 3136 Fris.
967 3086 1090 3136 Wuerzb.
1119 3087 1271 3137 liberabo
1294 3092 1319 3134 te

210 3190 415 3205 —4—

248 3264 345 3319 153511
355 3261 534 3332 praemittunt
544 3261 613 3328 libri,
623 3265 734 3318 eiectum
743 3262 778 3316 ab
787 3261 818 3317 0.
827 3260 983 3330 Ribbeckio,
994 3259 1033 3332 cf.
1039 3275 1128 3332 stupro
1196 3259 1319 3320 1541111111
1376 3265 1377 3312 1

207 3345 342 3417 Scoliper.
358 3345 440 3400 audis
456 3346 518 3400 cod.
603 3352 654 3405 155
676 3352 735 3401 ate
755 3346 841 3418 Opitz.
926 3345 1043 3399 adficior
1065 3345 1196 3402 Wuerzb.
1215 3345 1320 3400 allicior

206 3433 288 3504 uulpo
374 3429 487 3501 indigne
503 3429 600 3484 Bamb.
614 3449 632 3485 a
647 3433 722 3486 Fns.
810 3433 861 3488 155
876 3447 940 3483 nam
959 3433 982 3484 si
997 3429 1146 3500 inprobum
1160 3446 1226 3484 esse
1243 3429 1320 3485 Cres-

206 3515 338 3587 phontem
351 3515 416 3569 olim
429 3514 574 3570 existimas
583 3515 786 3572 Flecbebena's.
799 3531 863 3570 nam
874 3516 899 3569 si
911 3515 1058 3585 inprobum
1068 3513 1320 3585 esseChresphou·
1376 3517 1377 3524 ’

209 3608 261 3655 tem
280 3601 423 3655 existimas
436 3599 513 3668 11511,
529 3599 585 3654 nisi
593 3601 666 3671 quod
673 3603 773 3672 pm‘ore
784 3601 855 3655 loco.-
877 3597 1094 3670 chrcsponthem
1108 3597 1178 3653 Por.
1191 3599 1291 3653 Bomb.
1304 3615 1320 3651 a

208 3687 282 3741 Fris.
307 3683 496 3754 chresponthe
524 3684 653 3739 Wuerzb.
676 3691 853 3757 crespoutem
878 3683 966 3754 Opitz.
987 3683 1168 3738 existimabas
1189 3683 1321 3739 Bambb
1376 3741 1377 3748 χ

211 3771 303 3826 Troas.
329 3769 396 3824 Tur.
421 3767 523 3840 Opitz„
545 3769 645 3824 altero:
667 3771 815 3840 inprobum
839 3768 1029 3839 threspontem
1052 3783 1116 3823 esse
1137 3767 1319 3823 existimabas

206 3854 306 3912 namo.
314 3854 329 3908 b
338 3853 426 3925 Opitz.
439 3867 502 3906 narn
515 3853 538 3906 si
551 3855 706 3924 improbum
715 3853 916 3924 Cresphontem
929 3853 1144 3908 existimaueras
1153 3853 1246 3924 culpo.
1257 3869 1319 3906 nam

208 3943 231 3996 si
245 3940 322 4006 duxi,
338 3937 433 3992 madia
447 3937 560 4005 moris,
574 3940 662 3992 altero
672 3939 731 3993 lom
748 3937 876 3993 Wuerzb.
964 3938 1014 3995 157
1030 3935 1115 3990 huius
1128 3935 1204 3991 Fris.
1214 3936 1283 3992 Tur.
1298 3941 1322 3991 el

208 4041 284 4082 corr.
294 4023 365 4079 Par.
373 4027 492 4094 atroque
502 4023 567 4087 loco,
583 4022 676 4077 Troas.
689 4023 785 4079 altero.
798 4022 843 4078 his
855 4021 952 4076 Bamb.
965 4021 1078 4075 hallero
1089 4020 1148 4075 loco
1224 4022 1319 4078 locasti

210 4111 277 4166 Tur.
365 4107 451 4162 sinesi
483 4105 610 4162 Waerzo.
635 4107 705 4161 sine.
729 4109 751 4162 si
773 4107 840 4180 Erf.
928 4109 980 4164 158
1000 4107 1106 4175 liquere
1129 4104 1201 4160 Par.
1221 4121 1260 4160 m.
1271 4123 1319 4178 pr.

214 4193 341 4250 Wuerzo.
354 4191 451 4247 namo.
463 4191 479 4244 b
492 4189 580 4262 Opitz.
593 4192 752 4263 relinquere
763 4190 840 4246 Fris.
855 4189 948 4246 Troos,
960 4189 1028 4245 Tur.
1041 4194 1068 4244 et
1077 4205 1152 4244 corr.
1165 4189 1237 4244 Pur.

206 4265 259 4341 160¹
270 4293 364 4334 errare
378 4275 456 4330 Fn's.
517 4276 649 4346 cognoui,
662 4275 739 4348 fugio
752 4291 825 4331 nunc
837 4274 980 4346 cognitum
994 4273 1116 4328 Bambb
1131 4273 1225 4329 Troas.
1234 4275 1319 4347 Opilz.
