2752 4944
505 370 749 439 RELIQVIAE

559 538 701 608 XXXIX

172 693 432 712 .....
452 655 494 714 ’.
548 695 556 712 .
610 642 801 736 ratibusque
822 642 981 714 fremebat

80 755 142 816 490
170 745 280 816 Imber
292 747 435 838 Neptuni
557 853 561 860 ι

143 1025 153 1042 .-
174 951 344 1022 Tonsillas
362 951 509 1043 rapiunt,
537 847 710 1043 conligunt
726 950 818 1036 litus,
846 951 992 1020 aduncas

170 1171 321 1242 Moribus
343 1171 486 1266 antiquis
504 1194 559 1246 res
579 1069 812 1243 slldllltomana
835 1172 990 1266 uirisque.

172 1390 385 1484 Septingenti
406 1396 484 1462 sunt
504 1291 700 1485 panldlplirs
720 1398 777 1463 aut
797 1395 906 1464 minus
929 1395 1016 1479 anni,

170 1494 333 1587 Augusto
352 1495 494 1588 augurio
517 1501 693 1590 postquam
718 1497 828 1567 inclita
845 1498 976 1568 condita
996 1499 1101 1568 Roma
1121 1501 1181 1567 est.

80 1725 141 1786 495
168 1716 337 1806 Hispane,
363 1735 428 1784 non
445 1614 802 1788 Romandssriidinoretis
821 1717 911 1812 loqui
933 1741 994 1787 me.

169 1932 274 2024 Illyrii
297 1937 422 2004 restant
445 1935 523 2006 sicis
544 1834 726 2030 siliiiiisliue
746 1937 908 2006 sudantes.

169 2154 337 2225 Succincti
359 2155 481 2249 gladiis
504 2055 774 2252 medisiLrlelgione
795 2157 964 2226 crecentes

101 2339 219 2390 XXXIX
236 2338 343 2389 Seruius
361 2341 387 2391 in
402 2342 468 2391 Aen:
483 2341 519 2392 XI
534 2342 585 2396 299
610 2343 739 2394 ‘fremunt
758 2343 844 2409 ripae:
857 2339 963 2404 ,antiqui
984 2352 1066 2402 aquae
1083 2337 1181 2386 sonitus

70 2409 194 2459 fremitus·
207 2408 335 2459 dicebant.
369 2411 465 2461 Ennius
481 2414 537 2461 ...¹
573 2413 644 2464 idem
663 2416 690 2464 in
710 2413 802 2478 Georg.
828 2413 839 2460 l
860 2411 893 2461 12
918 2413 1032 2459 ‘ueteres
1053 2423 1181 2457 murmura

70 2495 147 2546 uqupe
162 2479 296 2530 fremitum
312 2479 439 2530 dicebant.
468 2481 578 2533 Ennius:
598 2499 659 2550 ager
672 2483 790 2550 oppletus
804 2480 923 2531 imbrium
939 2479 1058 2528 Fremitu.
1091 2477 1122 2527 Et
1136 2477 1180 2527 de-

71 2563 128 2598 nuo:
149 2548 314 2611 ratibusque’
330 2566 352 2600 e.
368 2565 392 2614 q.
407 2566 429 2600 s.
500 2551 546 2603 XL
563 2553 676 2604 Isidorus
690 2553 760 2619 Orig.
777 2550 870 2600 XIX?
894 2548 1054 2597 ‘tonsilla
1072 2548 1180 2596 uncinus

71 2619 164 2669 ferreus
184 2618 228 2668 uel
249 2617 366 2683 ligneus,
391 2620 426 2670 sd
442 2636 517 2683 quern
540 2624 567 2672 in
588 2624 663 2673 litore
684 2624 796 2674 defixum
818 2619 892 2670 tunes
912 2617 1015 2666 nauium
1036 2614 1180 2682 illigantur:

71 2689 167 2752 dequo
189 2688 288 2738 Ennius
298 2683 310 2738 '.
321 2725 327 2738 .
338 2688 359 2737 .’
430 2689 488 2739 XLI
512 2693 672 2759 Augustinus
691 2695 723 2744 de
741 2693 791 2741 cin.
806 2689 847 2739 dei
866 2687 936 2738 1121
958 2685 1072 2735 ‘Tullius
1154 2687 1181 2734 in

71 2759 196 2825 principie
218 2757 300 2820 quinti
319 2757 379 2807 libri
398 2771 593 2812 commemorato
607 2765 680 2828 prius
694 2763 769 2812 Ennii
784 2761 875 2827 poetae
890 2771 980 2814 uersu,
1000 2769 1050 2818 quo
1065 2753 1180 2805 dixerat:

71 2828 196 2877 moribus'
219 2843 245 2888 p.
267 2843 292 2888 q.
312 2842 334 2877 s.
359 2831 449 2891 ‘quem
473 2832 576 2893 quidem
595 2832 640 2882 ille
662 2847 780 2892 uersum,
810 2829 907 2891 inquit,
934 2825 975 2876 uel
997 2825 1121 2875 breuitate
1140 2825 1182 2874 uel

72 2899 173 2948 ueritate
188 2891 320 2958 tuinquam
342 2913 374 2947 ex
392 2898 494 2949 oraculo
509 2901 574 2952 inihi
587 2902 698 2964 quodam
719 2916 775 2952 esse
790 2898 881 2949 elisius
900 2895 1019 2946 uidetur!
1048 2894 1182 2944 Vulcatius

72 2967 216 3017 Gallicanus
232 2965 310 3015 Auid.
322 2966 420 3019 Cuss5
436 2970 501 3018 ‘scis
516 2972 584 3020 enlm
598 2987 701 3021 uersum
715 2987 731 3020 a
744 2970 828 3020 b'ono
845 2970 942 3033 poeto
955 2966 1050 3015 dictum
1064 2972 1088 3014 et
1102 2966 1183 3014 omni-

72 3037 115 3086 bus
128 3037 333 3100 frequentatum:
354 3037 481 3106 moribqs'
501 3055 524 3089 e.
540 3057 565 3104 q.
581 3056 603 3090 s.
675 3041 745 3090 XLII
770 3040 852 3088 Varro
874 3038 947 3087 dere
966 3035 1061 3084 rustico
1075 3034 1111 3083 III
1129 3035 1183 3095 1‚2

72 3108 176 3156 ‘etenim
196 3105 397 3156 uetustissimum
416 3108 541 3174 oppidum
561 3126 619 3160 eum
640 3112 673 3160 sit
694 3110 814 3160 traditum
938 3106 962 3154 iu
984 3119 1046 3172 agro
1067 3103 1182 3155 Romano

73 3176 148 3226 Roma
161 3191 242 3239 quam
256 3174 380 3225 Romulus
392 3192 452 3227 rex:
471 3193 530 3228 nam
543 3179 569 3228 in
584 3179 633 3231 hoc
646 3195 713 3231 nune
725 3180 835 3241 denique
849 3185 895 3236 est,
915 3184 942 3223 ut
955 3175 1005 3224 dici
1020 3175 1112 3242 possit,
1132 3188 1181 3224 non

73 3260 125 3295 cum
144 3246 245 3296 Ennius
264 3245 381 3309 scripsit:
405 3247 573 3314 sepIIngenti’
599 3267 621 3301 e.
637 3267 663 3314 q.
678 3266 698 3299 s.
732 3247 869 3298 Suetonius
887 3244 1008 3295 Octaui
1033 3244 1104 3294 ‘loce
1122 3245 1183 3295 reli-

72 3316 141 3380 giose
154 3323 181 3365 et
198 3314 331 3376 inquibus
347 3323 470 3382 augurato
489 3319 550 3381 quid
565 3327 739 3380 consecratur,
767 3323 909 3384 augusta
925 3314 1043 3365 dicuntur
1060 3313 1092 3364 ab
1107 3323 1181 3364 auctu

73 3385 109 3434 uel
126 3386 158 3435 ab
176 3385 265 3434 auium
283 3391 357 3449 gestu
377 3393 502 3452 gustuue,
527 3389 593 3438 sicut
611 3391 687 3439 etiarn
701 3389 798 3438 Ennius
812 3388 885 3437 docet
902 3385 1030 3434 scribens:
1056 3385 1181 3450 augusto'

73 3471 93 3503 e.
108 3471 131 3517 q.
147 3471 168 3504 s.
202 3455 272 3503 llaec
284 3453 446 3504 Suetoniunis
467 3455 550 3506 aliena
563 3474 640 3508 manu
660 3465 747 3508 assuta
764 3473 820 3508 esse
835 3453 972 3523 postellus
989 3453 1086 3503 censuit
1102 3453 1130 3502 F.
1148 3454 1179 3502 Α.

74 3523 178 3574 Wollius
249 3523 331 3572 XLIII
351 3523 482 3576 Charisius
503 3527 525 3575 lI
545 3543 571 3594 p.
588 3528 638 3581 180
649 3529 678 3577 Ρ.
699 3526 765 3594 (118
778 3524 870 3589 Liud.)
889 3525 1061 3587 ‘Hispana
1085 3521 1182 3572 Ennius

74 3593 198 3644 annalium
213 3592 278 3642 libro
294 3595 345 3641 ...'
364 3592 465 3659 (annii
478 3593 528 3646 lib
542 3595 615 3661 cod.)
642 3598 732 3648 Festus
745 3614 772 3663 p.
787 3595 838 3648 286
851 3595 885 3645 Μ.
907 3591 1062 3658 ‘silomanos
1075 3591 1101 3639 in
1115 3591 1132 3640 l.
1145 3591 1182 3640 XI

74 3664 152 3713 annal.
179 3659 302 3726 Graeco]s
329 3663 601 3732 appellnt'Enni[ds]’
630 3667 684 3733 (cl.
709 3667 745 3716 XI
771 3667 803 3716 ir.
829 3662 872 3728 II)
903 3659 1090 3727 ‘[II]ispsni.
1116 3661 1182 3710 Non

75 3732 113 3781 Ro
127 3768 278 3782 ..........
286 3733 292 3750 ’
317 3733 426 3783 EnnIuni
440 3749 530 3784 uersus
544 3737 696 3803 particulam
712 3739 738 3786 in
751 3736 792 3786 his
806 3734 906 3784 laciniis
920 3732 1024 3798 agnouit
1039 3730 1163 3781 Columna

106 3801 188 3852 XLIV
209 3801 304 3851 Paulus
323 3802 391 3852 Festi
409 3803 504 3868 potu
516 3805 550 3854 M.
577 3807 754 3870 ‘sybinam'
789 3804 949 3871 (sibinam
972 3797 1087 3863 Monac.)
1120 3804 1183 3866 ‘up-

75 3872 166 3936 pellant
188 3871 269 3936 illyrii
294 3871 372 3922 telum
395 3874 515 3923 uenabuli
538 3876 631 3925 simile.
668 3871 765 3925 Ennius
785 3876 837 3924 ...'
908 3871 979 3922 XLV
1002 3870 1096 3920 Paulus
1114 3869 1183 3919 Festi

113 4020 162 4076 491
185 4013 300 4087 capiunt
328 4014 418 4088 Gucls.
445 4034 465 4071 a
492 4016 509 4072 lt
612 4021 666 4078 496
695 4018 848 4088 sibinisque
876 4015 988 4072 Monac.
1018 4012 1183 4084 sybinisque

76 4102 151 4173 culpo
222 4101 351 4158 ludentes
363 4101 476 4158 Merula
487 4104 558 4158 conl.
570 4103 659 4159 Paulo
671 4103 748 4158 Festi
751 4107 827 4174 niti
837 4099 878 4156 M.
894 4100 1052 4172 ‘fodarc‚
1065 4097 1183 4168 fodere)

77 4185 199 4242 ludentes
214 4183 323 4242 Paulus
429 4189 480 4248 tot
504 4187 636 4244 succincti
659 4187 762 4259 gladiis
783 4186 888 4255 media]
912 4191 976 4242 sunt
998 4183 1076 4239 multi
1096 4182 1184 4256 gladii

77 4286 134 4326 mea
151 4272 198 4330 dia
216 4269 376 4332 Thesaurus
461 4280 610 4346 graoentes
625 4273 773 4332 Frutcrius
795 4272 882 4332 Veris.
898 4269 963 4332 119
