2752 4944
617 371 852 432 ANNALIVM

688 541 797 612 XVlll

289 667 387 761 [ileu]
408 665 561 758 quianam
578 661 673 731 dictis
692 658 816 729 nostris
834 657 998 727 sententia
1015 657 1105 724 tlexa
1121 651 1195 730 est?

701 777 780 848 xlx

201 912 264 973 265
290 899 474 990 Solporeas
495 897 607 988 posuit
628 895 807 988 spiramina
825 893 921 964 Naris
943 890 986 959 ad
1006 888 1123 958 undas.

713 1012 777 1082 XX

290 1117 497 1188 Russescunt
519 1116 657 1188 lrundes

706 1215 785 1286 xxl

294 1386 673 1407 .......
727 1332 887 1424 longique
908 1325 1058 1416 cupressi

291 1439 387 1510 Stant
403 1441 501 1510 rectis
520 1439 608 1508 loliis
629 1439 661 1505 et
678 1456 791 1505 amaro
810 1445 951 1521 corpore
971 1429 1105 1498 buxum.

614 1735 773 1818 blBElt
803 1735 877 1816 llll

725 1943 738 2012 l
752 1941 767 1976 ὴ

294 2113 551 2132 .....
604 2057 706 2127 Poeni
726 2059 890 2148 stipendia
908 2061 1064 2151 pendunt.

721 2191 748 2260 ss
762 2190 778 2226 *

206 2319 268 2379 270
292 2359 550 2376 .....
604 2310 779 2400 postquam
802 2307 981 2377 Discordia·
997 2311 1103 2380 taetra

296 2409 378 2480 Belli
399 2410 541 2478 ferratos
562 2413 678 2500 postes
699 2413 881 2502 portasque
903 2412 1041 2504 refregit

194 2614 308 2680 Iuppiter
322 2611 441 2660 hacstat.
471 2607 678 2674 [Aenllllbbb]
704 2611 801 2660 Ennius
818 2611 844 2659 in
857 2612 967 2676 septimo
982 2613 1043 2662 ...'
1115 2611 1202 2662 XVlll
1217 2613 1299 2662 Festus

195 2699 221 2749 p.
242 2683 293 2732 257
306 2682 341 2732 M.
362 2680 529 2744 ‘quianam
553 2694 599 2744 pro
618 2694 695 2741 quare
713 2687 737 2729 et
754 2695 799 2728 cur
817 2682 930 2746 positum
947 2688 985 2730 est
1002 2682 1072 2747 apud
1092 2683 1211 2744 antiquos
1230 2689 1299 2730 -et

195 2753 305 2802 Ennium
328 2751 354 2798 in
371 2750 389 2798 l.
408 2748 457 2797 Vll
479 2747 536 2796 ...’
572 2748 666 2798 Paulus
688 2764 714 2815 p.
734 2749 786 2800 256
800 2749 834 2798 Μ.
860 2750 1031 2812 ‘quianam
1050 2767 1097 2817 pro
1118 2767 1198 2814 quare
1219 2759 1241 2802 et
1259 2766 1299 2800 cur

195 2822 307 2887 ponitur.
342 2819 457 2867 Ennius:
482 2817 615 2878 quianam'
642 2833 665 2867 c.
689 2833 714 2880 q.
730 2833 751 2866 a.
823 2817 885 2868 xlx
909 2819 1055 2870 Priscianus
1068 2821 1104 2869 VI
1123 2836 1151 2885 p.
1171 2820 1219 2872 691
1235 2821 1259 2870 P.
1277 2821 1298 2884 (l

196 2907 222 2956 p.
235 2887 287 2940 239
299 2884 346 2951 ll.)
365 2887 442 2936 ‘Nar
455 2887 570 2936 seruauit
580 2902 596 2934 a
609 2888 759 2953 productam
774 2887 851 2936 etiam
865 2889 892 2938 in
913 2889 1025 2951 obliquis
1040 2891 1153 2940 casibus.
1173 2892 1264 2940 Ennius
1276 2891 1299 2936 in

195 2961 243 3008 Vll
254 2957 384 3006 annalium
398 2993 404 3004 .
416 2993 422 3004 .
433 2957 454 3004 .’
473 2954 515 3021 (in
523 2955 585 3020 lieg.
593 2971 628 3004 m.
637 2957 680 3006 alt.
691 2957 751 3006 add.
762 2955 880 3021 uersum)
949 2957 1000 3007 XX
1013 2959 1145 3009 Charisius
1157 2961 1168 3008 l
1182 2977 1207 3026 p.
1220 2961 1264 3012 loo
1274 2959 1297 3008 Ρ.

196 3028 244 3094 (75
256 3023 348 3089 Lind.)
375 3025 463 3074 ‘frus
476 3025 552 3074 huius
565 3024 680 3084 lmndis;
706 3026 775 3087 quod
794 3027 832 3075 sio
849 3027 881 3076 ab
894 3027 976 3076 Ennio
997 3037 1036 3078 est
1055 3028 1210 3080 declinatum
1230 3043 1299 3079 anna-

197 3098 260 3146 lium
279 3096 344 3145 libro
357 3095 405 3144 Vll
424 3095 477 3143 ...'
549 3093 610 3143 XXl
627 3095 793 3160 Philargyrum
807 3097 833 3144 in
847 3095 939 3162 Georg.
954 3096 1044 3147 11444
1065 3099 1198 3150 ‘buxum
1213 3099 1300 3165 lignum

198 3181 248 3215 non
262 3165 378 3214 arborem
392 3165 470 3213 dixit:
498 3163 616 3226 quamuis
628 3165 703 3214 Ennii
721 3165 839 3230 exemplo
854 3173 878 3214 et
892 3167 1008 3216 arborem
1023 3169 1135 3232 potnerit
1148 3167 1232 3220 dicere
1245 3176 1300 3218 neu-

196 3244 237 3286 tro
248 3249 351 3301 genere.
381 3233 427 3283 llle
440 3233 507 3283 enim
522 3232 560 3282 sio
574 3233 601 3282 in
613 3235 722 3300 septimo
738 3235 792 3282 ...’

231 3338 318 3387 Lmen
335 3336 396 3384 Vlll
431 3335 442 3383 l
460 3335 542 3384 Varro
557 3335 589 3384 de
600 3335 629 3384 L.
644 3337 673 3385 L.
690 3337 713 3385 V
728 3336 777 3387 182
790 3336 825 3386 Μ.
846 3337 854 3362 ⁴
863 3335 952 3385 militis
965 3337 1140 3404 stipendia
1155 3340 1222 3399 ideo,
1240 3337 1300 3402 quod

198 3423 255 3457 eam
274 3407 369 3470 stipem
389 3404 548 3470 pendebantr
574 3405 605 3454 ab
629 3421 659 3455 eo
680 3406 756 3455 etiam
779 3406 875 3455 Ennius
896 3407 1000 3456 scribit:
1023 3407 1115 3457 Poeni·
1141 3426 1165 3458 e.
1181 3425 1206 3470 q.
1219 3424 1238 3458 s.

199 3479 222 3526 ll
241 3476 347 3526 Seruius
361 3475 387 3522 in
402 3474 466 3523 Aen.
481 3474 529 3523 Vll
543 3472 596 3524 622
622 3477 705 3540 ‘rupit
719 3474 839 3524 Saturnia
855 3483 952 3540 postes.
972 3477 1146 3544 acyrologiam
1164 3478 1225 3528 fecit
1238 3491 1300 3526 com·

199 3546 335 3596 mentando
348 3544 424 3593 Ennii
439 3557 550 3592 uersum.
579 3543 644 3594 Nam
656 3545 700 3594 ille
713 3544 763 3593 ait:
781 3545 859 3594 belli'
880 3560 902 3593 e.
919 3561 943 3608 q.
959 3561 980 3594 s.
1011 3547 1130 3596 Horatius
1144 3546 1199 3596 Sat.
1213 3549 1223 3596 l
1237 3546 1260 3605 4,
1272 3544 1301 3594 60

200 3619 280 3676 ‘non,
312 3621 340 3663 ut
362 3613 386 3662 si
408 3611 494 3662 soluaa
518 3621 693 3678 postquam
716 3614 898 3664 Discordia
925 3621 1032 3664 taetra
1053 3615 1140 3666 Belli
1165 3616 1300 3666 ferratos

197 3693 312 3751 postes
332 3690 518 3750 portasque
538 3681 697 3749 refregit,
720 3683 840 3734 lnueuias
859 3683 935 3734 etiam
953 3684 1054 3734 disiecti
1068 3687 1184 3736 mambra
1201 3682 1299 3752 poetae?

156 3818 164 3833 ·
197 3752 458 3821 porphyrianus
484 3755 538 3802 ‘est
557 3767 662 3803 musas:
686 3753 709 3802 si
728 3753 858 3804 dissmuas
877 3767 967 3803 uersus
987 3754 1030 3804 uel
1050 3769 1122 3806 moos
1148 3756 1191 3806 nel
1209 3752 1300 3810 Lucilii,
1362 3749 1363 3788 l

203 3882 407 3894 —nnu-n-——-

237 3949 291 4004 264
308 3943 364 4000 heu
379 3942 445 4000 aad.
465 3941 498 4001 Α.
512 3941 693 4034 donastistas,
717 3939 842 4014 Scaliqer
858 3941 928 3997 conl.
952 3939 1035 4014 Ver-p.
1051 3940 1120 3998 Aen.
1152 3942 1227 4004 713

197 4066 301 4121 uostris
319 4059 494 4136 17ι.Ηιιφ·ιιε
599 4065 651 4120 265
673 4025 829 4134 sulpifreas
844 4059 934 4116 Bem.
958 4060 1124 4132 solphoreas
1139 4062 1227 4136 Luqd.
1254 4060 1299 4116 sol·

196 4148 320 4222 phareas
336 4147 422 4220 Scap.
444 4145 612 4218 sulphureas
626 4145 695 4218 Rep.
710 4145 851 4201 Halterst·
914 4139 989 4201 naris
1004 4143 1094 4218 Lupa.
1179 4152 1230 4208 266
1247 4161 1299 4200 rus·
1362 4175 1363 4180 κ

198 4238 313 4290 sesount
327 4233 404 4301 cod,
424 4245 496 4305 quoe
509 4247 568 4288 uox
584 4233 681 4287 lexicas
695 4233 747 4286 erit
761 4229 899 4305 addenda.
915 4238 1062 4286 ruresoant
1077 4232 1120 4287 ed.
1130 4248 1189 4306 pr.
