2784 4940
507 385 734 444 sunthusen
1111 395 1174 442 m

55 551 210 632 quaedam
237 551 311 612 salsa
340 551 379 612 de
405 552 467 612 suis
500 550 687 612 admisceant.
738 549 794 625 Qui
822 568 886 610 cum
915 549 987 610 illud
1011 551 1189 632 uouisseut,

55 659 187 722 Homeri
211 659 332 718 animam
356 656 490 719 in‘Euuii
519 675 625 737 corpus
651 655 815 716 translatam
837 657 965 732 narrari,
995 673 1059 718 eam
1079 666 1172 718 traus-

58 767 216 840 latiouem,
238 782 297 825 nou
318 766 459 844 inspectis
478 773 509 826 ut
531 764 645 824 uidetur
667 763 828 838 annalibus,
845 762 938 824 Persii
953 781 1068 824 uersum
1094 765 1170 843 (Sat.

60 874 100 948 6,
133 873 175 934 10
201 875 270 951 sq.)
292 893 342 932 cor
361 877 432 934 iubet
450 876 502 934 boc
519 876 609 944 Enni,
634 879 783 948 postquem
807 876 949 932 desimuit
964 889 1024 932 esse
1046 874 1170 934 Maeoni-

60 986 126 1053 des,
157 983 309 1052 Quintus
325 998 439 1056 panone
457 998 496 1040 ec
515 980 691 1054 Pythuporco
716 993 870 1055 perperam
892 977 1071 1056 interpretati
1092 978 1172 1038 miris

56 1087 155 1147 modis
184 1083 394 1146 disturbarent:
424 1101 545 1163 qnorum
573 1099 692 1142 errores
716 1082 888 1143 examiuauit
910 1080 1063 1161 llberqius.
1106 1083 1170 1146 Nec

9 1233 10 1238 κ
55 1211 131 1254 uero
172 1191 269 1254 Ennio
312 1192 369 1251 hoc
412 1209 497 1251 unum
537 1207 691 1268 emergens
732 1208 770 1250 ex
799 1189 899 1250 inieris
933 1189 1051 1250 Homeri
1083 1193 1169 1252 simu·
1228 1228 1234 1238 -

54 1301 173 1361 lacrum
198 1297 325 1378 aperuit:
357 1298 405 1376 qui
427 1297 601 1374 exordiens,
630 1297 708 1376 quod
730 1293 836 1356 Cicero
858 1295 967 1376 (hcad.
988 1296 1015 1357 ll
1039 1296 1090 1374 27,
1111 1297 1168 1379 38)

51 1425 111 1466 uon
147 1406 230 1468 adeo
264 1404 389 1464 obscure
425 1403 578 1480 iudicauit,
614 1404 651 1464 ab
681 1403 726 1464 his
759 1401 873 1463 uerbis:
909 1425 925 1464 o
952 1409 1045 1480 pictas
1076 1410 1170 1478 aneni,

51 1524 192 1575 naturam
221 1531 317 1572 rerum
338 1511 424 1572 dictis
446 1519 476 1570 ut
502 1513 541 1572 ait
562 1511 712 1572 Lucretius
742 1508 772 1589 (1
796 1508 871 1588 126)
884 1509 1029 1588 expandit.
1066 1509 1169 1571 Parum

51 1621 130 1680 enim
156 1617 315 1698 probabile
342 1627 388 1678 est
412 1617 489 1678 aliud
521 1625 640 1697 praeter
665 1617 784 1678 annales
813 1633 930 1678 carmen
957 1615 1016 1676 illis
1039 1632 1113 1695 quos
1139 1618 1168 1676 in

50 1727 134 1803 ipsas
159 1724 306 1785 annalium
328 1726 466 1804 reliquias
488 1725 590 1804 recepi
613 1721 740 1784 Lucre'tii
762 1723 894 1784 uersibus
922 1723 1095 1801 significari:
1118 1727 1167 1804 qui

50 1840 160 1910 aperte
189 1831 235 1892 his
263 1831 378 1909 quidem
404 1847 479 1909 quae
501 1831 587 1894 dicit:
616 1837 665 1909 qni
675 1839 788 1908 prinas
804 1850 917 1892 amoeno
931 1833 1034 1890 Detulit
1050 1851 1088 1892 en·
1107 1836 1167 1892 Hc-

51 1946 143 2000 teme
168 1944 292 2016 perenm
311 1941 417 2013 fronde
442 1957 588 2012 wronam,
617 1943 676 1998 Per
701 1943 789 2015 peno
809 1939 900 1998 Italus
928 1940 1065 1998 hominnm
1095 1957 1168 2016 quac

52 2051 137 2106 clarc
161 2051 268 2106 clueret
285 2053 315 2104 et
336 2044 372 2106 ad
395 2044 514 2104 annales
537 2041 643 2104 adlusit
664 2053 693 2104 et
714 2043 790 2104 hunc
809 2044 996 2123 superstitem
1022 2062 1059 2104 ex
1079 2063 1165 2105 anna-

54 2153 132 2213 libus
156 2170 275 2212 uersum
298 2153 460 2231 expressit:
485 2157 554 2211 ictos
569 2169 626 2225 per
641 2157 762 2227 populos
773 2161 917 2227 terrasque
925 2159 1056 2226 pcenntc
1070 2167 1166 2214 nostra

57 2265 144 2320 ctera
155 2263 282 2320 chcbnnt
292 2256 376 2336 (Ν).
397 2255 437 2316 Vt
448 2255 612 2316 Lucretium
628 2256 652 2314 si
667 2258 801 2335 sequeris
814 2256 849 2317 ad
859 2255 977 2316 annales
987 2256 1100 2318 referas
1110 2257 1165 2318 hos

59 2373 142 2424 certe
152 2383 254 2426 uersus
270 2364 431 2426 aVarrone
446 2361 499 2441 (de
511 2361 541 2421 L.
554 2360 584 2420 L.
598 2362 674 2422 V59
684 2361 739 2443 ll.)
757 2371 946 2424 conseruatos
961 2363 1164 2425 hexametros:

55 2493 110 2530 cun
122 2476 223 2547 parire
238 2476 308 2531 colet
318 2489 405 2547 penna
416 2475 519 2545 pennis
530 2475 741 2530 condecoratam
756 2475 819 2532 Non
834 2477 969 2532 animam.-
990 2482 1090 2548 etpost
1101 2478 1165 2534 inde

53 2585 129 2638 uenit
137 2583 271 2638 diuinitus
280 2583 365 2654 pelles
376 2580 447 2653 Ipsa
460 2581 554 2636 animo
566 2573 671 2654 (Xll):
689 2575 820 2655 aquibus
833 2577 897 2637 lere
907 2593 964 2637 uon
974 2578 1079 2638 distant
1089 2579 1163 2640 haec

49 2684 227 2748 buccelleno
236 2684 329 2764 (116)
336 2706 374 2744 cn
382 2688 505 2760 pecudes
513 2687 585 2743 oliba
595 2687 724 2746 distantius
733 2691 851 2746 instruct
859 2690 1024 2758 ce(cns'mo).
1041 2683 1163 2744 Acestis

49 2793 260 2873 intempestiue
282 2789 424 2852 Columna
443 2790 557 2851 uidetur
577 2789 645 2852 milri
668 2791 784 2870 quidem
806 2791 850 2852 bis
866 2789 1046 2852 Lucretianis
1066 2787 1161 2868 (120)

49 2908 102 2961 etsi
116 2909 275 2978 praeterea
297 2909 388 2960 tumen
410 2917 470 2958 esse
485 2901 639 2958 Acherunsia
657 2905 758 2975 templo
778 2902 888 2958 Ennius
912 2902 1032 2958 cctcrrts's
1050 2903 1164 2972 exponit

48 3012 181 3068 uersibus
196 3011 279 3066 edens
296 3007 455 3068 contulisse
466 3003 616 3065 Euniauae
629 3004 851 3065 Andromachae
873 3003 963 3064 uerba
983 3002 1055 3083 (Vl)
1071 3007 1161 3062 Ache-

48 3123 151 3176 runsia
167 3121 267 3192 templa
281 3121 339 3176 cltc
355 3118 428 3186 orci,
451 3121 560 3183 sancto,
580 3116 684 3172 sclnete
698 3115 811 3188 infera,
828 3115 1014 3183 Punicana,
1034 3113 1162 3170 odnnbdc

48 3227 175 3282 tenebris
207 3228 290 3295 nnn,
329 3227 450 3282 aeternis
481 3224 550 3280 oca.
601 3215 676 3292 Quid
716 3219 791 3278 cuiun
828 3216 995 3298 inpediebat
1030 3223 1160 3295 potitam,

49 3345 108 3406 quo
131 3329 226 3388 miuus
249 3325 281 3388 iu'
297 3328 440 3390 annalium
468 3340 586 3404 quoque
608 3323 748 3401 exordio,
775 3325 823 3385 ubi
850 3327 999 3386 nimirum
1021 3343 1059 3384 ex
1082 3323 1160 3384 Orco

49 3435 209 3496 llomerum
236 3437 318 3514 lingit
346 3433 526 3506 escendere,
564 3429 741 3492 Acherontis
769 3433 899 3511 speciem
926 3430 1060 3492 uersibus
1088 3432 1159 3492 deli-

50 3539 176 3604 nearet?
208 3543 306 3618 Quare
336 3541 414 3621 quod
435 3539 590 3600 llomerum
616 3546 746 3600 naturam
770 3556 866 3599 rerum
893 3538 1069 3617 expandisse
1090 3539 1159 3599 dicit

49 3648 218 3725 Lucretius,
240 3649 269 3710 id
290 3649 329 3710 de
349 3647 499 3708 annalibus
515 3645 599 3705 dicit:
623 3663 687 3704 curu
707 3646 878 3725 praesertim
897 3646 925 3704 iu
946 3654 1080 3725 promptu
1103 3647 1159 3704 siut

52 3773 157 3816 uersus
176 3755 308 3834 quidam,
331 3773 389 3816 non
407 3754 449 3815 illi
462 3752 578 3833 quidem
600 3752 742 3814 annalium
759 3762 827 3814 nota
847 3753 991 3830 insigniti,
1012 3752 1065 3812 sed
1083 3768 1158 3832 quos

53 3879 116 3922 cum
140 3871 172 3922 et
192 3862 352 3923 hexametri
375 3862 430 3921 sint
449 3869 478 3920 et
501 3857 692 3940 philosophas
711 3861 876 3922 contineant
898 3860 1073 3936 sententias,
1100 3874 1158 3919 non

51 3971 146 4046 aptius
168 3971 267 4048 possis
290 3986 375 4048 quarn
394 3969 422 4028 in
438 3967 494 4029 hac
515 3975 598 4046 parte
621 3967 783 4047 prohoemii
800 3965 968 4026 conlocare.
1003 3963 1048 4025 ct.
1065 3964 1156 4025 llralr-

51 4093 139 4136 uerus
158 4075 196 4136 de
218 4079 315 4137 causis
339 4094 416 4137 corr.
438 4075 525 4153 relig.
542 4074 625 4134 llum.
649 4093 678 4154 p.
692 4075 732 4136 43
756 4084 786 4135 et
802 4069 1001 4152 Bergkius'de
1023 4089 1154 4151 prooem.

51 4181 173 4262 ldmped.
206 4200 235 4262 p.
264 4183 315 4245 31.
362 4181 466 4261 Neque
501 4185 529 4244 in
559 4201 596 4244 eo
626 4183 803 4244 haerendum
840 4181 918 4260 quod
950 4198 1050 4260 purum
1086 4197 1154 4240 cou-

51 4292 135 4352 cinue
159 4291 190 4350 iu
211 4291 337 4352 carmine
366 4291 452 4370 epico
480 4288 664 4369 pbilosophis
688 4289 828 4351 doctrinis
849 4288 945 4350 locum
968 4289 1154 4350 concessisse
