2784 4940
508 391 761 449 uetustum
1152 349 1209 447 rx*

74 577 161 644 arga
191 577 244 622 me
275 553 478 620 uoluntatem
510 574 596 620 nouo
628 553 778 642 exemplo
810 551 962 641 probauit
987 553 1192 619 Lvnovrcve

77 677 291 741 sonorosus
298 721 308 755 ,
339 673 396 761 qui
417 673 563 738 criticam
584 693 677 738 suam
703 671 937 760 supellectilem
964 672 1007 738 ad
1026 672 1192 738 Donatum

77 791 226 857 Terentii
247 794 459 880 interpretem
480 791 661 858 conlectam
678 813 787 858 meum
808 793 844 857 in
863 813 959 858 usum
980 792 1134 856 excussit.

167 910 302 976 Talibus
328 919 361 976 et
387 919 454 976 tam
483 909 656 976 luculentis
684 911 803 976 edendi
831 909 987 976 subsidiis
1014 911 1191 977 instrictus

1 1078 2 1082 ,
78 1029 158 1095 dum
181 1036 269 1094 totus
291 1049 406 1096 uersor
426 1031 461 1094 in
482 1027 671 1112 annalibus,
701 1027 868 1094 Ottonis
888 1028 1115 1126 ltibbcckii
1135 1029 1191 1096 ad·

76 1147 230 1212 feruntur
257 1144 473 1234 Tragicorum
497 1148 688 1214 Latinorum
713 1146 894 1238 Reliquiae.
939 1146 1046 1228 Quem
1071 1147 1191 1214 librum

76 1274 293 1356 posteaquam
313 1275 463 1333 accurate
484 1268 638 1350 uwtaui,
664 1267 707 1333 ad
727 1266 791 1334 hoo
810 1265 976 1355 singulare
1000 1267 1035 1330 in
1056 1286 1115 1332 suo
1136 1287 1192 1353 ge-

73 1405 157 1450 nere
191 1387 377 1471 exemplum
407 1407 513 1451 meam
548 1385 724 1452 editionem
758 1408 856 1476 quam
882 1405 1012 1474 possem
1042 1387 1192 1473 proxime

76 1503 248 1590 adplicaro
269 1504 432 1569 constitui.
466 1504 612 1591 (lamque
632 1504 680 1570 ibi
702 1506 823 1592 optime
841 1504 882 1570 de
894 1504 995 1570 Ennii
1012 1505 1192 1590 tragoediis

78 1620 266 1688 consultum
292 1622 455 1706 uiderem,
478 1605 526 1688 ¹eo
555 1624 686 1689 facilius
711 1645 764 1688 me
792 1623 856 1687 huc
889 1621 1008 1688 adduci
1032 1621 1191 1710 patiebar,

75 1749 129 1824 ut,
160 1741 256 1834 quoda
269 1763 336 1808 non
357 1763 422 1808 uno
443 1742 575 1808 nomine
603 1743 736 1808 etmihi
762 1750 794 1806 et
814 1739 887 1806 aliia
908 1741 1052 1828 optabile
1073 1742 1190 1824 uisum,

76 1858 231 1924 comitem
252 1859 424 1926 annalibus
443 1861 524 1928 haec
546 1860 730 1947 fragmenta
750 1861 942 1926 subicerem.
977 1860 1099 1943 Quare
1117 1881 1191 1926 cum

76 1976 244 2062 omnibus,
274 1979 393 2065 quibus
420 1980 502 2046 haec
527 1980 636 2046 studia
657 1979 749 2046 cordi
774 1989 863 2065 sunt,
890 1989 1020 2068 gratum
1045 1979 1191 2046 facturus

75 2095 223 2180 uiderer,
245 2105 314 2164 tum
335 2099 538 2167 Ribbeokiur
560 2099 647 2186 ipse,
669 2098 740 2164 fere
761 2121 828 2165 non
849 2098 1044 2182 subuereor,
1073 2108 1110 2164 ut
1131 2098 1192 2162 ini-

78 2214 194 2300 quiore
216 2214 325 2284 fronte
344 2221 512 2306 inceptum
533 2239 641 2284 mcum
670 2219 823 2304 excipiat.
866 2217 982 2303 Itaque
1002 2220 1036 2282 in
1061 2219 1191 2284 uniuer-

79 2355 151 2398 sum
177 2341 304 2402 textum
332 2338 482 2423 exhibui,
518 2338 647 2425 qualem
679 2324 846 2402 constituit
872 2335 1091 2403 Ribbeokius:
1118 2337 1192 2403 'sed

77 2473 152 2516 cum
181 2453 304 2540 denuo,
330 2477 373 2522 ne
398 2465 521 2524 temere
548 2479 703 2546 sequerer
731 2457 847 2522 ducem
872 2455 1021 2543 quamuis
1049 2456 1190 2522 certissi-

77 2593 182 2655 mum,
202 2575 486 2658 grammaticorum
507 2577 674 2643 uolumina
696 2583 892 2656 excuterem,
912 2575 999 2639 inter
1017 2572 1192 2660 legendum

76 2697 111 2755 et
144 2691 258 2758 addidi
291 2695 450 2782 quaedam
483 2705 516 2762 et
550 2693 746 2761 emendandi
770 2693 826 2758 hio
853 2691 923 2757 illic
952 2675 1222 2780 opportunitate·

76 2831 158 2874 usus
188 2831 270 2876 sum.
325 2811 365 2876 In
392 2833 431 2879 eo
458 2837 537 2882 uero
565 2813 696 2900 longius
725 2835 745 2878 a
772 2810 956 2877 Ribbeckio
984 2811 1084 2878 editio
1119 2833 1192 2878 mea

77 2928 219 3012 recedit,
250 2932 439 3018 quodcum
467 2933 523 3000 ille
551 2935 622 3000 fere
648 2933 807 3021 quidquid
833 2932 1090 3018 fragmentorum
1120 2934 1192 2997 sine

79 3048 270 3134 tragoediae
296 3048 405 3114 indice
431 3051 587 3117 baditum
609 3061 659 3117 est
685 3052 728 3117 ad
753 3055 894 3117 incertas
916 3052 1095 3137 relegasset
1117 3050 1191 3116 reli·

79 3167 193 3254 quias,
226 3166 267 3232 de
294 3189 407 3234 eorum
430 3170 508 3236 sede
536 3172 615 3261 quid
635 3170 814 3237 diuinando
842 3171 973 3258 assequi
997 3179 1124 3258 posset,
1156 3171 1192 3234 in

79 3286 327 3375 quaestionibus
361 3289 499 3354 scenicis
533 3289 751 3378 periclitatus:
783 3290 871 3378 ipse,
906 3310 970 3377 quo
998 3311 1016 3354 e
1043 3262 1190 3377 reliquiis

79 3406 209 3471 facilius
230 3405 473 3494 tragoediarum
494 3417 586 3474 tenor
612 3419 800 3497 appareret,
828 3409 961 3474 incertis
983 3407 1132 3474 uersibus
1155 3409 1190 3473 in

76 3523 200 3590 fabulis
223 3527 319 3614 ipsis,
342 3527 371 3591 si
391 3527 464 3593 fieri
483 3538 626 3616 poterat,
648 3529 756 3596 locum
775 3528 980 3617 probabilem
1003 3529 1188 3614 adsignaui.

78 3641 233 3731 Denique
260 3667 323 3732 quo
351 3648 461 3718 omnia
486 3649 638 3714 Enniana
664 3671 750 3714 unus
774 3648 858 3715 liber
884 3649 1063 3731 contineat,
1092 3649 1190 3712 etiam

79 3762 241 3828 minorum
277 3773 462 3851 poematum
495 3767 636 3832 fmstula
668 3769 852 3858 conquisiui
882 3790 922 3833 ac
948 3767 1029 3850 situ,
1064 3788 1128 3854 quo
1155 3766 1190 3831 hi

76 3882 222 3947 maxime
242 3905 358 3949 uersus
380 3884 513 3952 obducti
531 3886 701 3972 iacebant,
727 3896 764 3952 ut
783 3887 890 3974 potui,
911 3893 1051 3974 purgata
1071 3885 1187 3951 adieci.

161 3999 215 4064 Ita
242 4011 478 4072 ematurescere
500 4005 658 4093 paulatim
683 4006 925 4072 lucubrationes
946 4006 981 4070 in
1003 4005 1112 4071 Ennio
1133 4027 1188 4092 po-

75 4120 159 4185 sitae
178 4141 287 4186 meae:
312 4143 386 4188 cum
406 4123 658 4208 R1sscnat1vs,
686 4148 749 4214 quo
768 4127 867 4190 etiam
888 4146 908 4189 a
926 4134 1079 4214 typorum
1097 4127 1189 4192 char-

73 4247 247 4326 tarumque
267 4238 432 4326 elegantia
451 4242 551 4310 decus
572 4243 735 4331 quoddam
761 4243 872 4310 libello
893 4217 1125 4331 contingeret,
1140 4245 1189 4310 bi-

71 4356 252 4446 bliopolam
263 4358 529 4428 honestissimum
550 4371 583 4428 et
598 4385 694 4452 quem
716 4365 758 4430 de
772 4365 893 4431 nostris
915 4363 1032 4432 litteris
1056 4368 1188 4452 egregie
