2770 4946
497 349 739 449 nnm'ovrnn
1112 371 1174 438 121

69 558 143 620 255
168 548 213 618 'ld
237 548 324 641 agit,
358 549 391 620 id
414 549 541 633 studet,
575 549 617 617 ibi
645 553 787 619 mentem
810 553 910 643 alque
936 550 1080 620 animum
1111 551 1175 620 de-

725 652 824 722 lectat
847 675 954 723 suum.

217 749 344 823 'Otioso
365 752 398 822 in
416 751 483 823 otio
503 751 632 822 animus
653 752 758 826 nescit
775 755 853 849 quid
870 757 959 828 uelit.

165 856 228 926 Hie
251 855 364 925 itidem
383 859 452 928 est:
481 856 566 926 enim
593 855 701 950 ne'que
723 859 809 929 domi
835 882 922 931 nunc
946 861 1009 931 nos
1029 883 1090 932 nee
1109 861 1175 931 mi-

726 961 814 1034 litiae'
835 985 966 1036 sumus:

165 1071 264 1140 'lmus
282 1070 363 1155 huo,
383 1068 461 1142 illio
478 1068 570 1140 hinc:
593 1091 668 1140 eum
685 1065 916 1240 illpebqp'ptum
935 1072 1001 1154 est,
1022 1066 1071 1136 ire
1089 1065 1175 1135 illinc

166 1274 301 1346 'Incerte
323 1279 410 1345 errat
428 1273 573 1358 animm,
601 1277 732 1365 praeter
741 1195 884 1366 lpropter
903 1273 1005 1344 uitam
1022 1271 1156 1342 uiuitur.

634 1388 650 1424 17

71 1503 141 1564 766
167 1493 316 1564 'Animus
335 1515 439 1586 aeger
453 1389 692 1584 semperlrrat
710 1493 817 1586 ne'que
835 1492 903 1584 poti
923 1513 1030 1585 neque
1048 1491 1175 1582 perpeti

166 1597 259 1668 Polis
280 1601 332 1668 est
371 1649 628 1667 ......
669 1598 791 1690 eripere
813 1617 991 1689 numquam
1012 1593 1140 1665 desinit.

568 1713 616 1784 Vl
631 1711 647 1748 *
657 1713 672 1750 11ι

515 1818 724 1911 Agamemno

168 1918 250 2005 Quis
266 1920 365 1990 homo
381 1925 414 1991 te
429 1921 625 2012 exuperauit
638 1943 778 2015 usquam
795 1919 944 2013 gentium
962 1917 1176 2010 inpudentia?

534 2041 704 2118 Menelaus

168 2141 252 2226 Quis
275 2143 340 2210 tete
360 2146 469 2213 autem
490 2143 637 2214 malitia?

590 2261 652 2332 Vll

517 2364 726 2457 Agamemno

168 2463 338 2533 Menelaus
365 2487 416 2534 me
444 2465 622 2560 obiurgat?
658 2468 690 2537 id
718 2465 799 2535 meis
826 2464 925 2533 re‘bus
947 2462 1095 2554 regimen
1119 2461 1177 2530 re-

728 2569 827 2638 stilai.

62 2749 168 2785 seusus:
188 2735 285 2784 incerte
356 2735 470 2784 uiuitur.'
541 2738 564 2787 V
585 2737 673 2788 Cicero
687 2738 763 2786 Tuso.
780 2734 848 2799 disp.
868 2733 902 2783 lll
919 2730 944 2791 3,
960 2731 976 2780 5
995 2733 1035 2778 ‘at
1057 2737 1081 2778 et
1096 2729 1177 2780 morbi

63 2804 263 2869 perniciosiores
283 2803 421 2868 pluresque
443 2813 500 2855 sunt
524 2807 602 2856 animi
625 2823 701 2870 quarn
722 2805 845 2870 eorporis.
883 2803 915 2852 lli
935 2801 1002 2852 enim
1023 2801 1073 2865 ipsi
1095 2798 1178 2850 odiosi

64 2881 137 2932 sunt,
158 2873 228 2936 quod
242 2872 276 2922 ad
291 2873 404 2923 animum
418 2877 545 2940 pertinent
559 2893 667 2939 eumque
681 2876 835 2932 sollicitant,
860 2873 1052 2933 animusque
1067 2885 1177 2934 aeger,

64 2953 89 2992 ut
103 2945 140 2993 ait
153 2943 267 3002 Ennius,
288 2944 428 3008 semper'
448 2961 470 2994 e.
486 2961 510 3008 q.
526 2960 547 2994 s.
582 2945 664 2996 Ohoro
682 2946 745 2996 haee
759 2943 909 3010 responderi
922 2940 951 2991 0.
968 2939 1100 2990 Ribbeelrii
1122 2953 1178 2988 sus-

65 3013 130 3077 pitio
153 3020 193 3062 est
262 3013 298 3061 Vl
318 3012 407 3063 Cicero
420 3015 496 3063 Tuso.
512 3016 580 3080 disp.
599 3017 633 3065 lV
650 3014 692 3075 36,
709 3017 741 3066 77
761 3015 814 3064 ‘ira
887 3012 958 3061 euius
974 3008 1077 3078 inpulsu
1093 3010 1179 3060 existit

65 3083 141 3132 etiam
162 3083 228 3130 inter
243 3079 336 3132 iratres
352 3082 403 3132 tale
423 3085 548 3150 iurgium:
570 3086 627 3149 quis
641 3084 731 3134 homo'
758 3101 780 3133 e.
796 3099 820 3146 q.
835 3098 855 3132 s.
891 3079 979 3130 ‘Nosti
991 3095 1057 3143 quae
1069 3094 1179 3142 sequun-

64 3159 116 3200 tur:
139 3151 280 3200 alteruis
296 3152 378 3201 enim
392 3154 547 3204 uersibus
563 3155 795 3217 intorquentur
812 3149 1033 3202 interfratrss
1048 3151 1180 3215 grauis-

64 3222 164 3270 simae
185 3221 422 3282 oontumeliaa,
447 3231 474 3272 ut
494 3223 570 3272 laoile
592 3233 715 3289 appareat
733 3223 823 3273 Atrei
843 3221 940 3271 lilios
958 3220 1032 3270 esse'
1068 3219 1122 3268 Huc
1140 3235 1179 3268 re-

66 3291 168 3340 uocauit
180 3289 326 3339 Dnntzerus
339 3290 404 3340 Mus.
425 3291 506 3342 Rheu.
527 3294 551 3342 V
565 3295 617 3343 444
629 3308 668 3356 sq.
688 3301 712 3343 et
732 3291 858 3358 Bergkius
871 3291 926 3340 lnd.
944 3289 1001 3342 lect.
1018 3288 1098 3338 Marb.
1115 3295 1178 3338 aest.

68 3358 134 3410 1844
154 3375 182 3425 p.
197 3358 246 3409 Xli
268 3358 532 3412 ef.Dobree11sAdu.
556 3361 646 3414 11373
715 3362 763 3411 Vll
786 3361 935 3410 Rufinianus
955 3359 986 3408 de
1004 3358 1047 3424 flg.
1070 3365 1135 3408 seut.
1156 3365 1181 3407 et

67 3427 130 3479 eloe.
155 3428 218 3492 §ll
244 3443 270 3492 p.
285 3429 336 3480 205
350 3429 452 3480 Ruhuk.
479 3433 669 3497 ‘agansotesis,
690 3431 846 3497 indignatio,
866 3443 931 3492 quae
949 3427 977 3478 flt
991 3428 1104 3478 maxime
1121 3441 1182 3496 pro-

72 3540 267 3552 ——----

107 3610 160 3662 756
177 3604 251 3675 agit,
269 3602 298 3658 id
312 3601 343 3658 0.
356 3603 530 3662 Ribbaelciut.
550 3603 639 3677 agitat
654 3604 732 3662 Voss.
749 3605 808 3676 agit
821 3605 907 3659 ceteri
920 3601 984 3656 libii
1066 3603 1117 3659 767
1134 3601 1180 3658 hio

70 3687 164 3744 itidem
189 3686 220 3742 0.
237 3687 409 3745 mimatae.
427 3689 486 3762 'hqe
508 3689 583 3745 idem
599 3689 661 3746 libri
744 3690 820 3744 enim
839 3703 928 3758 neque
949 3685 979 3740 S.
996 3686 1127 3741 German.
1144 3703 1181 3740 m.

70 3774 114 3827 att.
142 3789 189 3826 em
209 3787 300 3842 neque
319 3773 390 3828 idem
409 3791 446 3828 m.
463 3791 514 3846 pr.
541 3775 619 3831 Voss.
641 3774 765 3846 Froaeq.
786 3772 918 3846 Maponi.
942 3786 1031 3841 neque
1052 3769 1139 3841 Lupd.

109 3861 162 3916 768
189 3857 254 3912 illue
274 3855 340 3911 hino
362 3858 432 3914 libai.
461 3857 525 3914 hina
558 3860 622 3914 illue
650 3857 681 3914 O.
704 3858 880 3925 trimatae,
902 3855 1055 3931 apmdens
1072 3859 1139 3924 puto

109 3945 163 4000 760
184 3942 241 4011 poti
258 3939 290 3996 O.
308 3939 482 3998 numerosus
503 3945 560 4012 pati
573 3944 645 3999 libri
728 3947 777 4001 761
805 3943 879 4013 potis
901 3948 944 3996 est
960 3938 992 3996 0.
1009 3936 1182 3996 Ribbeolcias.

72 4030 159 4092 potest
173 4024 237 4080 iibri
292 4025 297 4039 ‘
327 4024 430 4104 Versus
443 4027 578 4098 disposuit
593 4026 624 4084 O.
639 4027 804 4085 notamus
890 4030 942 4085 767
957 4030 1074 4094 usquam
1090 4021 1180 4078 oxon.

73 4109 147 4180 aliq„
165 4109 317 4166 Bentlaias.
341 4127 473 4182 umquam
493 4114 578 4168 ceteri
591 4111 655 4167 libri
737 4115 790 4171 763
811 4111 874 4181 quis
889 4116 943 4164 tete
965 4114 1058 4162 autem
1076 4109 1181 4163 malitia

75 4190 291 4250 6366661663.
309 4196 371 4264 quis
390 4200 481 4252 autem
501 4212 537 4249 m.
557 4202 582 4250 te
595 4196 666 4251 libri.
683 4197 746 4267 quis
761 4201 788 4250 te
803 4201 893 4250 autem
910 4190 1183 4250 malitiaBoulaeriur

152 4281 204 4338 264
225 4278 333 4334 restitat
347 4279 488 4337 Basileios
503 4279 590 4351 Epiri.
606 4280 645 4336 od
657 4278 774 4336 Miliiwa
790 4295 824 4350 p.
838 4283 882 4338 ts.
904 4282 993 4334 restat
1008 4277 1182 4348 exemplario
