2784 4940
243 379 355 426 mvl
403 413 409 424 .
635 368 948 439 QVAESTIONRS
1006 430 1012 444 ,

244 534 264 594 Ι.
278 535 297 594 l.
311 553 340 613 p.
354 531 425 594 387.
448 532 512 607 Qua
526 533 721 613 discrepantia
737 533 854 594 adducti
868 535 981 613 quidum
993 544 1024 596 ut
1035 534 1170 596 Dauisius
1185 531 1221 592 ad
1234 529 1288 592 Cic.
1298 531 1322 590 de

243 638 301 698 diu.
323 637 409 715 148,
433 640 490 700 107
514 640 755 721 etWoplreosius
777 637 859 700 Lect.
883 638 959 700 Tull.
979 658 1009 719 p.
1020 638 1082 700 262
1098 641 1250 719 inportuna
1262 657 1323 696 mauu

244 743 398 806 emendare
423 763 543 823 uersus,
572 749 655 826 quasi
682 745 805 808 Ennium
834 746 872 807 de
898 745 992 808 Ennio
1021 746 1189 826 expulsuri,
1216 745 1324 821 adgressi

243 859 318 909 aaut
362 847 426 910 Nec
446 869 516 912 saue
538 850 727 932 llottiuqerus
742 853 778 913 ad
800 849 862 912 Cic.
886 853 906 912 l.
931 855 950 916 l.
974 856 1114 915 memoria
1131 855 1160 914 in
1182 871 1218 912 ea
1232 869 1262 910 re
1281 850 1324 927 lup·

243 973 305 1014 sunu
326 973 395 1016 esse
413 963 530 1035 poetam
552 960 694 1038 cuiquam,
716 960 832 1037 opinor,
855 960 1053 1037 persuadebit.
1106 960 1259 1039 iutegritus
1278 975 1324 1016 uer·
1350 985 1351 1004 ι

243 1079 335 1137 suum,
357 1062 385 1120 im
408 1061 512 1139 quibus
533 1062 581 1123 uel
600 1065 663 1124 siue
685 1066 851 1126 testimonio
874 1065 943 1126 nibil
963 1067 1128 1128 mutandum
1149 1066 1219 1142 luit,
1241 1063 1325 1123 indicio

243 1168 339 1227 Seruii
361 1167 490 1229 lirnratur
510 1170 538 1230 in
559 1168 635 1230 Aen.
654 1170 694 1230 lll
715 1163 785 1232 46;’
804 1176 939 1232 Romulus
969 1182 1081 1248 ccptctc
1104 1179 1223 1250 emporio
1240 1175 1324 1230 mmm
1351 1199 1352 1204 κ

242 1278 278 1334 de
290 1280 425 1335 Auentino
447 1282 583 1336 monteio
601 1281 759 1337 Palctmom
776 1283 851 1352 iecit,
869 1297 942 1354 quae
957 1282 1021 1353 fico
1041 1280 1170 1352 fronduit
1182 1288 1209 1337 et
1222 1281 1324 1336 arborem

238 1385 322 1459 fecit.-
352 1381 390 1442 ci.
417 1380 491 1442 Plut.
512 1382 595 1442 Rom.
627 1402 653 1444 c.
677 1382 718 1444 20
747 1383 831 1444 lluid.
859 1383 928 1444 blet.
957 1381 1011 1443 XV
1040 1383 1112 1444 560.
1157 1383 1263 1444 Hastae
1286 1380 1325 1437 uim

242 1506 279 1548 ac
306 1489 452 1548 notionem
482 1488 691 1566 Scbweglerus
720 1489 740 1550 l.
771 1491 790 1550 l.
814 1510 843 1570 p.
867 1489 929 1551 395
959 1471 1108 1568 expcu'dit.
1152 1490 1211 1551 Sed
1241 1488 1325 1548 Remus

243 1595 272 1654 in
294 1611 380 1674 quem
401 1604 527 1654 montem
549 1597 699 1672 augurium
723 1606 837 1676 captum
859 1597 956 1673 inerit,
978 1614 1036 1656 uon
1054 1596 1160 1656 dicitur
1175 1593 1325 1655 iuillisuer

243 1700 339 1761 sibus:
362 1709 392 1760 et
415 1709 510 1761 tamem
532 1718 637 1760 nexum
654 1703 679 1761 si
697 1712 834 1763 accurate
850 1701 1053 1782 perpenderis,
1077 1703 1104 1762 id
1117 1700 1267 1762 memorari
1279 1704 1325 1754 unte

244 1827 273 1868 u.
292 1806 333 1868 82
352 1806 491 1868 debuisse
512 1806 670 1868 concedes.
716 1808 782 1881 Quo
802 1825 867 1868 cum
888 1808 1047 1870 accederet
1068 1810 1139 1868 mira
1161 1805 1294 1888 quaedam
1309 1802 1326 1858 lu

246 1916 304 1976 boc
327 1932 413 1975 uersu
437 1913 548 1974 codicis
571 1913 727 1992 scripturo,
749 1912 786 1974 de
806 1913 908 1976 lacuna
929 1915 1057 1993 cogitaui
1079 1915 1162 1974 unius
1184 1903 1325 1972 saltemuel

244 2021 365 2082 duorum
388 2037 541 2096 uersuum,
571 2036 646 2099 quos
670 2027 763 2078 utrum
788 2017 894 2081 Cicero
918 2023 1049 2083 omiserit
1067 2021 1202 2082 consulto
1227 2036 1260 2078 au
1279 2030 1325 2093 pet·

243 2127 329 2188 ierint
350 2127 532 2187 librariorum
554 2126 663 2186 incuria
684 2126 875 2187 uousdirimo.
915 2126 1033 2200 Quare
1055 2144 1120 2187 cum
1142 2126 1178 2188 ud
1202 2125 1325 2186 coniectu·

244 2252 304 2294 rsnr
327 2253 375 2294 res
397 2233 510 2309 redeat,
532 2235 560 2292 iu
582 2231 718 2293 Remuria
734 2231 888 2312 probabile
908 2241 954 2292 est
976 2231 1096 2292 Remum
1117 2233 1263 2308 augurium
1291 2241 1325 2282 et·

246 2347 398 2417 peccasse:
426 2337 501 2400 baec
529 2340 603 2400 enim
628 2357 699 2399 uera
722 2337 806 2399 Ennii
836 2339 925 2400 lectio
954 2358 982 2398 u.
1013 2337 1053 2398 85
1086 2343 1231 2398 certabant
1254 2336 1325 2394 urim
1356 2393 1357 2402 χ

247 2449 364 2506 Rumam
384 2449 569 2506 Remoramne
588 2457 738 2506 occurent:
760 2463 814 2505 uec
837 2446 865 2503 in
885 2462 922 2504 eo
941 2443 1076 2506 haerebis
1099 2443 1178 2522 quod
1193 2449 1326 2504 Remorum

246 2567 303 2610 nou
331 2556 491 2612 Remurium
519 2551 625 2613 dixerit
649 2557 747 2630 poeta.
793 2548 925 2629 Cumque
947 2550 1105 2626 Dionysius
1134 2550 1228 2611 llalic.
1250 2541 1326 2616 dutiq.

247 2654 329 2716 Rom.
349 2655 417 2718 185
440 2675 469 2736 p.
486 2656 547 2716 222
564 2656 665 2717 Reisb.
689 2657 726 2718 de
742 2656 878 2717 Remuria
900 2656 960 2718 ἔστι
982 2654 1104 2718 didicat
1119 2649 1151 2716 cd
1170 2638 1326 2737 χωρίονέιι-
1357 2673 1358 2680 .

245 2754 362 2842 νήδειον
375 2755 579 2839 ὑποδέξασθαι
593 2757 690 2837 πόλιν,
712 2754 803 2840 λόφος
824 2753 859 2822 οὖ
872 2759 973 2842 πρόσω
993 2767 1044 2824 τοῦ
1064 2760 1199 2841 Τιβέριος
1213 2759 1327 2840 κείμενος,

246 2861 363 2948 ἆπέχων
383 2872 434 2948 τῆς
451 2861 562 2948 Ῥώμης
573 2859 652 2949 ἀμφὶ
667 2866 734 2942 τοὺς
754 2859 914 2950 τριάκοντα
929 2869 1074 2944 σταδίους,
1096 2875 1126 2928 ol
1147 2875 1249 2944 postea
1267 2853 1326 2920 obi

246 2991 276 3052 p.
296 2971 357 3033 224
378 2973 479 3035 Reislu.
501 2962 541 3055 ἦν
564 2972 597 3036 δὲ
612 2967 750 3060 Ῥωμύλῳ
772 2972 826 3053 μὲν
851 2968 1071 3056 οἰωνιστήριον,
1097 2970 1174 3032 ἔνθα
1194 2962 1273 3050 ἠξίου
1290 2954 1328 3038 cqc

246 3073 389 3143 ἀποικίαν
407 3076 537 3164 ldqe'ccs,
552 3074 584 3143 τὸ
605 3075 792 3142 Παιάνιιον·
825 3073 932 3166 ‘Po'pqr
953 3079 984 3142 dl
1004 3071 1129 3162 προεχὴς
1144 3073 1244 3161 ἐκείνῳ
1259 3063 1327 3146 λόφος

247 3179 409 3262 Αὐεντῖνος
422 3183 616 3268 καλούμενος·
641 3180 860 3260 obedirem
881 3185 1108 3263 ἱστοροῦσιν,
1130 3173 1326 3261 ἡῬωμορίᾱι

247 3295 408 3372 allionysii
431 3295 561 3376 portibus
577 3293 708 3356 standum
728 3295 794 3369 erit,
814 3292 995 3372 quantumuis
1010 3306 1094 3364 uuus,
1117 3289 1142 3348 si
1154 3263 1271 3366 quidem
1280 3281 1326 3341 ste·

247 3401 359 3481 pbunus
380 3401 499 3479 Byuaut.
522 3421 551 3482 p.
571 3402 644 3477 544,
664 3400 682 3461 3
705 3400 779 3461 baec
794 3392 945 3480 ‘Rspcoplc
959 3390 1043 3466 πόλις
1060 3394 1185 3472 πλησίον
1200 3386 1327 3470 ‘Polemi

142 3498 145 3504 ¹
246 3509 400 3587 Dionysio,
421 3517 452 3569 ut
474 3508 567 3570 credit
589 3507 813 3584 Scbweglerus,
837 3505 941 3578 bausit,
967 3500 1131 3562 Remurium
1150 3501 1186 3562 ab
1206 3492 1328 3562 Auentino

248 3616 393 3678 diuersam
412 3615 575 3696 perhibeat.
619 3610 672 3673 cm
691 3630 755 3672 cum
772 3610 980 3690 Schweqlerus
1003 3609 1023 3668 l.
1038 3610 1056 3669 l.
1073 3627 1101 3688 p.
1116 3608 1178 3669 440
1195 3607 1274 3668 fidem
1286 3607 1327 3656 ⁰⁰¹¹

248 3723 371 3801 babeat,
404 3740 505 3802 purum
540 3721 711 3800 respexisse
742 3717 1029 3796 Enniumluidctur:
1062 3715 1137 3795 apud
1173 3730 1256 3792 quem
1281 3713 1328 3762 eum

248 3830 409 3890 Auentinus
432 3837 627 3908 occuparetur
648 3845 664 3886 a
688 3825 824 3901 Romulo,
847 3822 983 3884 Remuria
1008 3822 1114 3902 χωρίον
1135 3843 1162 3882 ιι
1183 3822 1235 3880 τοῦ
1252 3805 1328 3890 Ἀβιν-

248 3936 331 3998 ricco
349 3929 499 4016 καρτερόν,
522 3942 552 3993 ut
575 3934 614 4016 οὔ
635 3931 805 3992 Plutarchus
828 3930 910 3989 Rom.
939 3948 965 3988 c.
991 3930 1046 4004 11,
1069 3946 1137 3987 esse
1160 3925 1269 3984 omniuo
1287 3924 1328 3972 σθ’]

249 4045 352 4122 potuit.
390 4040 436 4103 Ol.
457 4037 633 4100 Niebubrius
660 4035 846 4099 Ι.1.Ι248.
887 4035 995 4095 Verum
1021 4033 1105 4094 Ennii
1132 4032 1255 4092 narratio
1279 4015 1328 4105 alil

248 4166 365 4228 quoque
392 4146 554 4207 nominibus
584 4163 600 4206 a
630 4144 824 4224 posteriorum
853 4143 991 4201 memoria
1019 4139 1115 4200 distat.
1171 4134 1246 4198 Nibil
1272 4122 1329 4186 enim

247 4254 333 4316 tradit
355 4253 392 4313 dc
413 4251 494 4313 Remi
523 4251 726 4332 qualicumque
753 4247 894 4326 augurio:
925 4246 1030 4358 nedqm
1056 4247 1093 4306 de
1116 4244 1217 4305 iraude
1237 4221 1328 4300 Romuli
