2752 4944
218 329 300 378 xciv
508 317 814 390 QVAESTIONES
836 320 1064 378 ΕΝΝΙΑΝΑΕ

217 493 321 559 essert,
334 485 359 544 it
372 491 503 558 regnaret
517 486 648 542 bmnibus.
673 491 703 542 et
725 501 742 544 e
764 484 800 545 ir.
815 483 856 544 tx
877 486 911 544 Si
920 489 980 560 queis
999 488 1066 562 quiid
1079 490 1149 544 noui
1161 486 1326 559 immittebat,

217 611 289 670 utrm
310 613 384 684 quoti
402 611 555 668 ntortriiium
574 604 579 690 Ι
606 587 673 668 V'rue
694 621 772 683 estet,
794 615 826 668 eb
847 613 971 668 moiebot
988 610 1068 684 bique
1080 611 1244 669 ostendebcit
1260 614 1325 668 Ioui

218 714 273 788 Qui
286 733 398 774 -uersus
421 713 490 773 lieet
508 715 688 774 seueriorem
711 733 861 776 censuram
883 733 974 792 aegre
994 716 1168 792 sustineant,
1190 715 1221 775 id
1238 725 1327 776 tamen

218 819 359 894 indicant,
382 835 439 878 non
461 837 568 880 meram
591 821 630 879 ibi
646 840 681 881 ae
701 823 870 900 primitiuam
889 837 1004 898 prosam
1026 824 1192 882 orationem
1214 821 1323 881 haberi.

218 923 271 984 Cui
303 925 346 984 rei
378 925 509 1002 aceedit,
538 928 616 1004 quod
647 928 674 986 in
705 926 763 986 illis
796 926 934 988 morantii
965 927 1152 1004 dignissimae
1185 927 1325 1006 quaedam

217 1029 309 1090 Ennio
332 1031 497 1090 locutiones
518 1032 670 1110 dispersae
689 1039 767 1090 sunt:
793 1031 874 1091 uelut
901 1031 958 1092 hoo
981 1034 1059 1112 quod
1085 1043 1132 1094 est
1157 1035 1188 1092 iu
1215 1033 1254 1092 fr.
1278 1030 1326 1092 Vll

217 1147 332 1196 mentm
359 1145 407 1213 qui
431 1149 549 1202 uoeohrr
578 1146 675 1198 coeli
698 1143 808 1203 stelen
836 1139 950 1215 quando
975 1139 1051 1199 huno
1073 1146 1194 1220 pubium
1215 1147 1325 1198 constat

217 1258 274 1302 non
306 1242 506 1321 infrequenter
539 1261 618 1304 suam
651 1243 811 1304 orationem
840 1242 960 1304 Graecis
994 1247 1116 1306 uocibus
1147 1246 1324 1316 distinxisse,

217 1348 313 1427 qualia
336 1355 415 1407 suut:
438 1361 522 1408 ternto
546 1349 621 1408 hun.
645 1349 717 1408 470.
740 1349 817 1417 471;
841 1368 910 1426 ayeu
938 1351 1012 1410 Anu.
1041 1351 1119 1421 484;
1148 1359 1231 1428 spira
1255 1352 1323 1409 Ann.

143 1471 148 1478 ·
217 1453 607 1524 501;aemrahnn.418;
641 1458 758 1530 lychnus
776 1453 850 1512 Anu.
874 1454 950 1532 328,
974 1457 1040 1516 alia.
1085 1458 1185 1537 Atque
1212 1459 1265 1518 illa
1288 1459 1323 1516 ia·

218 1560 334 1619 miliaris
357 1569 402 1618 est
427 1559 519 1619 Ennio
541 1577 626 1639 quam
650 1576 677 1636 p.
702 1557 757 1617 XX
779 1561 860 1636 tetigi
883 1562 1065 1621 consuetudo
1090 1563 1263 1640 explicandi
1276 1562 1322 1621 La·

218 1669 275 1726 tine
303 1668 328 1724 si
357 1665 425 1744 quid
451 1666 621 1725 insolentius
653 1674 700 1725 aut
728 1664 841 1725 Graece
871 1667 1039 1744 protulerit:
1069 1679 1099 1728 ut
1131 1690 1229 1730 musas
1260 1688 1323 1746 qum

219 1777 289 1832 Grai
308 1783 468 1843 memorant,
488 1791 537 1832 nos
560 1777 757 1834 Coumeoorum
780 1770 910 1842 huu.'2;
943 1779 1068 1849 sophiam
1096 1782 1235 1852 sapientia
1258 1794 1323 1851 quat

211 1884 375 1955 perhibetur
395 1878 470 1937 Anu.
496 1876 569 1945 227;
603 1887 681 1936 uento
710 1896 790 1953 quem
817 1882 963 1953 perhibent
995 1884 1109 1941 Graium
1139 1901 1228 1957 oenus
1259 1889 1322 1940 uera

216 1990 310 2059 limyra
332 1985 407 2044 Anu.
436 1983 508 2052 149;
536 1989 644 2042 Ennius
672 1988 737 2042 dicit
763 1986 855 2042 Nilum
883 1985 1018 2043 Melonem
1049 1993 1162 2061 uocari,
1192 1993 1321 2046 Atlrrrttem

216 2109 284 2150 uero
303 2095 475 2150 Telamonem
497 2090 571 2149 Anu.
595 2089 617 2148 1.
641 2091 677 2148 ir.
698 2085 831 2148 xxviii.
856 2088 967 2163 Quibus
982 2092 1084 2152 similia
1106 2111 1145 2152 ex
1159 2092 1319 2153 Euhemero

218 2206 299 2256 tunt:
321 2203 402 2258 Pluto
425 2205 522 2258 Latine
542 2206 582 2254 est
603 2201 654 2256 Dis
675 2205 775 2271 puter:
802 2201 851 2254 abii
872 2201 972 2256 Oreum
992 2211 1094 2258 uoerrnt
1111 2198 1186 2258 Euh.
1217 2200 1270 2269 20;
1296 2207 1318 2256 in

217 2321 248 2362 eo
280 2309 337 2364 loeo
364 2311 489 2380 suspeoeit
512 2309 540 2361 in
566 2308 673 2362 eaelum
695 2307 768 2377 qood
788 2323 861 2362 nune
878 2322 929 2363 nos
950 2311 1135 2384 nominamus,
1155 2311 1237 2382 idque
1257 2312 1316 2382 Iop-

214 2415 287 2484 pr'ter
307 2416 381 2486 qood
401 2416 496 2470 aether
510 2413 661 2468 uocabatur
678 2427 802 2483 preeunt
817 2415 942 2484 primum
958 2416 1064 2469 eoelum
1086 2419 1239 2472 nominauit
1250 2412 1314 2472 Euh.

217 2516 271 2587 33;
300 2521 365 2578 Ζᾶν
389 2511 507 2598 Κρόνου
533 2519 562 2573 td
587 2524 628 2573 est
653 2518 750 2572 Latine
778 2517 905 2590 Iuppiter
933 2521 1050 2577 Saturni
1073 2516 1147 2578 Euh.
1173 2521 1224 2580 74.
1251 2518 1314 2592 Quin

217 2627 302 2686 etiam
324 2625 499 2686 oblitteratis
521 2622 612 2682 inhia
637 2625 782 2681 Curetes
800 2626 852 2696 filii
870 2629 916 2683 eoi
934 2638 1164 2685 eurauerunt
1186 2625 1260 2686 Euh.
1281 2625 1310 2684 71

215 2733 282 2792 mihi
304 2735 365 2794 uisa
389 2740 434 2791 est
462 2730 592 2809 speeiem
616 2729 756 2807 quandam
784 2727 941 2789 Ennianam
967 2728 1086 2790 habere.
1131 2731 1197 2806 Qua
1219 2751 1251 2792 re
1270 2730 1312 2790 iul·

216 2839 311 2898 luntur
333 2839 382 2918 qui
403 2836 597 2910 Laurentium,
617 2853 680 2894 oum
703 2850 757 2913 per
789 2831 963 2896 Ciceronem
991 2835 1079 2896 talem
1108 2837 1195 2897 Ennii
1223 2836 1312 2897 librum

215 2947 285 3005 olim
307 2946 398 3006 inisse
420 2945 568 3017 uouisset,
591 2958 649 3019 quo
671 2941 763 3000 maior
782 2957 852 3000 suae
878 2941 1027 3004 doetrinae
1057 2945 1216 3004 auotoritas
1237 2943 1312 3005 adde·

215 3061 312 3127 retur,
335 3053 429 3132 ipsum
452 3069 504 3110 sua
525 3067 609 3108 manu
635 3047 811 3107 confinxisse
833 3064 907 3124 quae
927 3066 980 3127 pro
1003 3048 1139 3108 Ennianis
1163 3051 1313 3110 uenditaret

215 3157 398 3217 arbitrantur.
442 3157 515 3218 Nam
551 3156 629 3235 quod
656 3155 754 3214 uerbis
788 3151 987 3212 Ciceronianis
1018 3153 1138 3213 Ennium
1167 3152 1313 3214 Euhemeri

213 3280 326 3324 sacram
339 3264 487 3324 historiam
501 3263 732 3341 ‘interpretatum
744 3277 811 3318 esse
823 3267 911 3338 atque
928 3265 1071 3320 secutum’
1085 3259 1153 3319 dicit
1166 3256 1217 3341 (ir.
1231 3259 1314 3338 vul),

215 3369 283 3448 quid
303 3371 405 3429 mirum
434 3371 462 3429 in
493 3379 550 3428 tam
577 3367 707 3444 diligenti
730 3363 881 3424 Ciceronis
910 3363 1047 3426 lectore?
1096 3363 1314 3425 Verumtamen

214 3479 278 3556 ipse
298 3479 450 3554 ignorasse
472 3477 585 3536 uidetur
605 3473 688 3535 Ennii
709 3472 828 3546 librum,
854 3489 939 3548 quem
959 3473 1076 3550 ineptiis
1100 3478 1253 3549 poetarum
1270 3489 1312 3549 op·

214 3591 303 3662 ponat
332 3582 384 3661 (ir.
410 3582 458 3643 111.
488 3580 576 3661 Xll),
606 3580 741 3640 uersibus
772 3581 967 3658 conscriptum
995 3579 1104 3653 fuisse,
1143 3580 1312 3656 quantumuis

214 3688 283 3749 alibi
300 3707 332 3748 se
351 3687 434 3748 Ennii
454 3685 544 3748 uerba
563 3686 728 3748 traditurum
744 3685 925 3763 profiteatur,
948 3684 985 3743 oi.
999 3682 1034 3742 ir.
1058 3681 1109 3743 111.
1129 3682 1207 3743 vill.
1252 3683 1311 3743 Inde

213 3796 334 3873 suspitio
362 3804 427 3855 nata
457 3793 540 3854 Ennii
571 3809 674 3852 uersus
700 3792 853 3869 antiquitus
879 3793 980 3850 neseio
1004 3809 1089 3869 quem
1111 3791 1140 3849 in
1163 3792 1311 3850 orationem

213 3899 380 3977 pedestrem
408 3900 607 3975 conuertisse,
631 3913 791 3957 conuersos
815 3914 897 3956 suum
925 3897 954 3954 in
986 3913 1067 3954 usum
1100 3913 1227 3958 uacasse
1250 3897 1309 3956 Lao·

214 4005 341 4064 tantium.

630 4151 913 4162 -—-—-.--
