2770 4946
160 393 222 458 1⁵6
552 401 828 491 SATVRAHVM

691 569 740 638 lV

202 698 238 757 10
266 739 274 754 .
328 739 336 754 .
390 685 531 754 mundus
553 685 635 754 caeli
660 686 776 755 uastus
796 686 942 756 constitit
965 687 1108 770 silentio,

265 789 316 858 'Et
336 790 507 880 Neptunus
527 789 652 858 saeuus
675 790 772 858 undis
797 791 926 880 asperis
948 792 1088 881 pausam
1108 788 1216 858 dedit.

265 891 324 961 Sol
344 893 439 986 equis
457 893 519 962 iter
540 894 698 983 repressit
715 893 853 985 ungulis
870 893 1076 963 uolantibus:

265 995 450 1066 Constitere
470 993 584 1065 amnes
606 1019 770 1087 perennes
778 993 790 1080 ‚'
814 993 953 1066 arbores
972 998 1074 1066 uentri
1096 999 1238 1064 uacant.

703 1133 736 1199 V
1040 1205 1044 1214 ,

268 1251 406 1344 Quaque
427 1255 563 1342 propter
579 1249 773 1320 Hannibalis
791 1251 905 1343 copias
924 1249 1125 1326 considerat.

697 1387 746 1458 Vl

205 1513 242 1572 15
269 1503 402 1595 Sparsis
426 1505 531 1577 hastis
552 1507 664 1598 longis
683 1494 820 1598 campus
844 1505 997 1598 splendet
1018 1510 1050 1574 et
1070 1505 1195 1576 horret.

676 1643 737 1714 Vll
752 1643 768 1679 *

270 1759 374 1842 Quam
393 1763 514 1828 tantam
535 1765 678 1832 statuam
696 1767 818 1834 statuet
836 1762 982 1854 populus
1000 1760 1174 1830 Romanus

209 1873 217 1888 .
269 1862 418 1945 Quamne
436 1863 631 1952 columnam,
652 1889 737 1960 quae
756 1871 854 1991 teque
872 1869 905 1935 et
922 1871 980 1934 tua
998 1867 1098 1956 gesta
1115 1863 1295 1980 loquatur.

168 2063 308 2128 Herceum)
379 2065 413 2112 IV
434 2065 577 2116 Macrobius
591 2069 645 2118 Sat.
660 2071 726 2119 Vl2
745 2085 773 2135 p.
786 2067 837 2120 513
851 2069 909 2119 lan.
935 2073 1090 2131 ‘tumpater
1110 2066 1294 2130 omnipotenS,

169 2150 250 2183 rerum
266 2136 307 2184 cui
323 2149 422 2182 summa
435 2145 565 2200 potestas,
587 2139 657 2188 lnllt:
680 2155 709 2188 eo
730 2140 830 2190 dicente
843 2139 919 2188 deum
935 2138 1026 2186 domus
1047 2136 1100 2186 alta
1121 2135 1239 2195 silescit,
1262 2139 1294 2186 El

168 2205 315 2252 tremefacta
327 2203 382 2253 solo
396 2202 485 2264 lellus,
504 2207 562 2255 silet
578 2210 672 2258 arduus
687 2210 784 2274 aether.
813 2209 961 2258 Tumueuti
975 2222 1099 2272 posuere,
1120 2207 1215 2270 premit
1233 2207 1293 2271 pla-

169 2275 227 2322 cida
240 2289 350 2336 aequora
364 2283 466 2339 pontus.
497 2275 573 2342 [Aen.
587 2279 612 2327 X
626 2277 686 2343 100]
701 2279 796 2328 Ennius
811 2279 837 2328 in
852 2278 989 2343 Scipione:
1006 2276 1130 2325 mundus'
1146 2293 1169 2325 e.
1187 2292 1212 2338 q.
1230 2292 1254 2324 s.

205 2345 226 2391 V
246 2342 343 2392 Gellius
361 2345 395 2392 lV
411 2345 426 2392 7
448 2345 581 2396 ‘Valerius
594 2349 692 2398 Probus
763 2349 933 2398 Hannibalern
953 2356 976 2395 el
991 2345 1181 2395 Hasdrubalem
1200 2353 1225 2394 et
1241 2347 1295 2394 Ha-

169 2413 298 2462 milcarem
319 2414 355 2462 ita
378 2415 571 2478 pronuntiabat,
601 2427 629 2468 ut
651 2419 834 2484 paenultimam
856 2417 1066 2468 elrcmnueeteret
1167 2415 1292 2466 Plautum

169 2491 193 2532 et
208 2484 316 2533 Ennium
330 2484 473 2547 multosque
485 2486 549 2534 alios
562 2496 662 2538 ueteres
678 2503 708 2537 eo
723 2489 799 2538 modo
815 2487 995 2554 pronuntiasse
1012 2486 1132 2545 affirmat,
1151 2485 1236 2534 solius
1253 2495 1292 2534 ta-

169 2568 227 2602 men
241 2553 316 2602 Ennii
329 2569 431 2602 uersum
445 2571 523 2604 unum
540 2559 611 2621 ponit
625 2574 657 2608 ex
673 2558 752 2618 libro,
772 2559 815 2621 qui
830 2559 944 2622 Scipio
961 2557 1118 2605 inscribitur.
1148 2555 1215 2604 Eum
1229 2571 1292 2605 uer-

169 2638 225 2672 sum
240 2623 362 2685 quadrato
376 2639 480 2673 numero
494 2625 589 2676 lactum
604 2627 773 2686 subiecimus,
794 2629 820 2676 in
835 2641 885 2690 quo
899 2627 949 2676 nisi
966 2627 1040 2676 tertia
1053 2625 1155 2689 syllaba
1171 2625 1204 2674 de
1218 2625 1291 2674 Han-

170 2691 264 2742 nibalis
278 2693 379 2742 nomine
398 2695 559 2745 circumflexe
573 2707 717 2762 promatur,
736 2713 856 2748 numerus
872 2697 1005 2746 clausurus
1021 2704 1068 2748 est.
1099 2696 1198 2748 Versus
1213 2695 1294 2744 Ennii

171 2779 246 2826 quem
261 2763 326 2812 dixit
340 2764 375 2812 ita
389 2773 439 2812 est:
460 2769 573 2828 quaque*
591 2784 613 2816 e.
629 2784 653 2830 q.
667 2784 689 2816 s.
763 2769 798 2816 Vl
818 2767 963 2816 Macrobius
977 2765 1032 2814 Sat.
1044 2766 1080 2814 Vl
1094 2767 1111 2814 4
1125 2781 1152 2828 p.
1163 2764 1217 2818 519
1230 2765 1292 2814 lan.

171 2837 238 2880 ‘turn
257 2833 355 2882 ferreus
374 2832 454 2884 hastis
474 2835 562 2885 Horret
583 2853 653 2902 ager.
691 2836 771 2902 [Aen.
787 2837 823 2886 Xl
840 2835 907 2901 ool]
932 2837 1051 2887 Horret
1070 2835 1135 2884 mire
1155 2833 1292 2887 sehabet.

170 2902 222 2952 Sed
247 2911 272 2951 et
291 2904 388 2952 Ennius
412 2905 436 2952 in
463 2915 551 2968 quarto
576 2907 674 2956 decimo
703 2904 771 2970 [Vll]
796 2915 820 2956 el
842 2908 868 2955 in
890 2905 1032 2956 Erechtheo
1056 2903 1114 2968 [Vl]
1138 2912 1163 2953 et
1186 2905 1212 2952 in
1233 2903 1292 2952 Sci-

172 2973 247 3040 pione
263 2974 311 3020 ...'
340 2971 444 3022 Seruius
467 2975 491 3022 in
509 2977 571 3024 Aen.
589 2977 690 3027 111001
712 2975 836 3026 ‘borrel
853 2985 938 3026 autem
958 2975 1079 3028 terribilis
1098 2981 1146 3024 est.
1178 2975 1224 3024 Est
1245 2990 1291 3022 au-

172 3051 222 3091 tern
244 3058 333 3091 uersus
353 3043 482 3093 Ennianus
505 3046 663 3110 uituperatus
685 3063 700 3096 a
723 3045 824 3096 Lucilio
848 3047 949 3096 dicente
972 3061 1017 3110 per
1041 3045 1204 3104 irrisionem,
1232 3059 1292 3092 eum

172 3113 292 3162 debuisse
316 3113 400 3163 dicere
425 3113 537 3164 horret
562 3124 591 3166 et
616 3116 721 3184 alget·
799 3117 848 3166 Vll
877 3113 1021 3166 Trebellius
1050 3114 1134 3164 Pollio
1160 3113 1253 3165 Claud.
1277 3115 1293 3163 7

172 3228 378 3239 *—

216 3295 248 3348 la
280 3289 360 3344 itiner
389 3292 505 3347 Bellula
601 3299 634 3351 13
668 3293 818 3347 constitere
845 3291 1012 3346 Scriuerius.
1040 3295 1203 3344 constatere
1229 3290 1292 3344 coel.

173 3375 253 3430 Bodl.
276 3376 430 3431 consistere
454 3379 538 3432 celeri
559 3377 622 3431 libri
707 3384 809 3431 uocant
830 3373 905 3430 Med.
930 3369 974 3429 A'u
989 3381 1094 3445 uagant
1115 3379 1129 3428 1
1152 3373 1192 3444 cf.
1209 3374 1292 3428 Hert.

174 3462 266 3516 Ltulr.
282 3460 349 3515 XII
432 3467 466 3520 14
486 3479 596 3532 quaque
617 3461 657 3516 M.
677 3463 815 3516 Herlzlus.
840 3477 893 3531 qua
917 3460 977 3515 Vol.
999 3459 1071 3514 Por.
1087 3459 1220 3513 Rottenel.
1243 3459 1291 3529 qui

174 3548 263 3618 uulpo.
290 3543 392 3618 quique
412 3553 477 3618 post
499 3547 567 3601 alios
585 3547 618 3601 Il.
635 3547 758 3602 Ritterus
778 3546 894 3617 Eplrem.
912 3545 1034 3599 nar-met.
1055 3549 1124 3602 1840
1143 3561 1175 3614 p.
1194 3548 1246 3602 391

216 3631 355 3688 lranibalis
370 3631 441 3686 Pur.
528 3631 690 3686 considerat
704 3631 775 3685 Prtr.
791 3630 917 3686 Rottend.
940 3629 1122 3684 considerant
1147 3629 1208 3683 Vu'l.
1229 3645 1295 3683 eum

174 3720 271 3772 celeris
358 3723 391 3775 15
407 3717 515 3788 ‘s'passis
527 3716 596 3770 Pur.
615 3718 709 3787 spasis
726 3717 816 3787 Neup.
905 3713 1103 3769 Tetromelrum
1120 3713 1294 3767 trochaicum

176 3803 283 3875 sparsis
375 3801 505 3874 splendet
520 3801 669 3872 horreique
687 3802 817 3871 et'gemit
832 3802 980 3870 proposuit
1000 3799 1035 3853 F.
1049 3799 1173 3853 littteras
1187 3799 1207 3851 l.
1223 3814 1248 3852 s.
1278 3821 1281 3826 ·

219 3893 250 3949 16
273 3905 354 3959 quarn
369 3893 471 3942 tantam
487 3887 681 3942 Locbmuauus
700 3887 739 3940 ud
754 3887 837 3940 Luer.
854 3884 904 3940 ΙΙΙ
920 3888 998 3942 1034.
1021 3889 1153 3954 «quantam
1179 3883 1293 3937 Trebel-

175 3979 235 4032 lius.
262 3991 325 4030 narn
348 3980 478 4043 quantam
501 3972 668 4039 Salmasius,
690 3972 775 4025 allero
791 3985 876 4024 uersu
893 3986 949 4024 uou
964 3968 1051 4024 uerbo
1065 3968 1116 4022 sed
1130 3971 1296 4046 sentenpum

170 4065 270 4135 puellae
293 4058 459 4116 eTrebebio
479 4072 644 4130 expressum
667 4071 727 4110 esse
746 4057 873 4126 opinatus
959 4059 1061 4108 statuet
1083 4051 1294 4108 bucbmamurs.

177 4151 260 4204 t'acict
283 4144 431 4202 Trebellius
483 4211 486 4216 Ι
516 4147 547 4204 17
571 4159 691 4212 quamue
709 4139 917 4196 Locbmonuua.
939 4144 1072 4209 quautam
1097 4137 1250 4192 Trebellius

219 4245 290 4306 quae
311 4237 393 4302 teque
416 4237 443 4284 et
458 4236 505 4284 tua
525 4227 618 4300 gesta]
635 4243 707 4296 quae
729 4242 774 4278 res
793 4231 854 4279 tuas
873 4229 968 4297 gestas
988 4222 1148 4278 Trebellius.
1172 4239 1246 4292 quae
1268 4229 1295 4280 te

176 4341 222 4377 res
239 4325 391 4390 gestusque
407 4314 610 4369 Locbmuunus.
628 4327 673 4364 res
690 4327 762 4381 quae
778 4326 810 4363 ac
827 4317 873 4362 tua
889 4315 969 4381 gesta
984 4306 1116 4364 Columna
