2770 4946
154 447 157 456 1
218 320 284 418 'rto
554 447 559 454 ι
634 361 908 418 snrvnnnvu

220 531 348 616 uiores;
376 531 551 622 propterea
568 529 739 598 irutnentis
759 528 1015 600 rarescentibus
1032 531 1116 621 puni
1131 523 1240 602 *etiaim
1259 537 1329 601 tunc

221 634 408 703 inuolueres
428 637 530 702 erunt.
573 631 658 702 Dum
681 631 782 724 igitur
801 633 875 723 ips'a
897 634 957 704 iret
977 635 1084 704 cibutb
1106 636 1213 726 pbilis
1231 658 1330 728 quee-

220 737 334 819 sitnm,
371 733 481 805 monet
510 757 586 833 eoS,
626 740 678 818 ut,
718 736 746 804 si
775 733 920 828 quid'ibi
947 737 993 806 rei
1022 736 1134 808 ribube
1158 731 1331 808 fietetbi-

219 845 408 922 erueturne,
444 839 740 910 animaduerterent
762 840 869 931 ¹idque
900 840 947 908 uti
974 841 1051 925 sibi,
1088 841 1147 910 ubi
1185 842 1330 924 redisset,

220 943 414 1012 nuntiarent.
469 941 628 1012 Dominus
650 946 768 1032 postea
792 945 943 1034 segetum
966 942 1094 1012 iliamm
1119 944 1231 1028 filium
1253 947 1331 1013 adu-

222 1047 398 1116 lescentem
415 1050 528 1130 uoeut,
549 1047 596 1114 et:
619 1045 819 1129 “uidesne'',
840 1045 960 1137 inquit,
983 1047 1093 1116 “haee
1113 1048 1331 1117 ematuruisse

222 1157 254 1220 et
272 1171 388 1218 manus
414 1148 477 1217 ium
498 1148 691 1239 postulare?
725 1134 845 1218 ideirco
866 1149 918 1217 die
937 1150 1085 1233 crastini,
1115 1151 1175 1220 ubi
1198 1151 1329 1240 primum
1369 1103 1372 1240 i

222 1251 427 1335 dilucniabit,
459 1251 511 1320 sao
534 1251 657 1320 anticos
680 1247 797 1320 eas'et
823 1260 941 1342 roges,
973 1241 1330 1350 uenitnt‘op'einmque

223 1361 368 1426 mutuam
391 1355 467 1424 dent
491 1359 523 1424 et
545 1354 678 1424 messim
703 1353 787 1423 hauc
810 1351 904 1424 nobis
919 1355 1121 1425 'adinueitt’'
1166 1349 1262 1426 He'e‘e
1284 1356 1329 1424 tibi
1371 1369 1372 1420 t

223 1457 401 1546 illedixit,
436 1463 469 1526 et
499 1455 660 1526 discessit.
702 1441 824 1549 'Atque
857 1458 912 1525 ubi
948 1457 1042 1529 rediit
1055 1453 1216 1543 '‘cassita,
1251 1457 1329 1549 ''puili
1370 1459 1372 1522 t

223 1561 434 1645 tremibundi,
448 1559 613 1652 'trepiduli
636 1559 1087 1654 circumstrepere‘orareque
1109 1553 1272 1645 marren,
1290 1568 1330 1628 'nt

223 1669 285 1736 iam
302 1665 409 1734 statim
424 1669 578 1755 properet
595 1664 693 1755 inque
710 1663 809 1733 alium
823 1664 931 1732 iocum
945 1686 1021 1734 sese
1038 1670 1210 1755 asportet:
1238 1671 1328 1734 “nam

146 1859 147 1862 Ἴ
224 1767 410 1851 dominus'',
440 1768 604 1860 inquiunt,
637 1767 767 1852 “misit,
801 1767 856 1860 qui
883 1767 1007 1848 amieos
1035 1774 1152 1861 roget,
1188 1770 1237 1838 uti
1267 1769 1329 1835 lnce

225 1872 350 1942 oriente
375 1870 507 1940 ueniant
530 1877 562 1939 et
587 1869 737 1940 metent”
773 1869 877 1940 Mater
894 1869 983 1940 inbet
1006 1894 1065 1946 eos
1089 1873 1205 1945 otioso
1230 1872 1327 1952 animo

224 1999 316 2046 esse:
358 1975 414 2044 “si
444 1974 529 2044 enim
563 1973 749 2057 dominus’'‚
788 1973 907 2066 inquit,
941 1974 1119 2074 “messim
1139 1977 1183 2046 ad
1215 1975 1327 2044 euneos

224 2079 330 2164 reicit,
369 2078 512 2147 erastino
540 2099 641 2170 seges
670 2097 738 2146 non
761 2081 900 2148 metetur
928 2100 1036 2170 neque
1062 2099 1243 2150 necessum
1275 2081 1326 2161 est,

224 2183 322 2252 bodie
352 2183 396 2251 uti
423 2204 486 2250 uos
514 2181 690 2250 auferam.”
725 2179 827 2265 ‘Die’,
857 2180 975 2272 inquit,
1004 2185 1160 2272 ‘postero
1179 2185 1281 2251 mater
1301 2179 1326 2245 in

224 2286 380 2378 pabulum
398 2285 498 2355 uolat.
536 2283 711 2368 Dominus,
731 2305 817 2376 quos
833 2290 1028 2376 regenerat,
1049 2286 1240 2382 opperitur..
1276 2280 1324 2350 Sol

226 2390 338 2472 seruit,
367 2393 399 2458 et
420 2389 456 2458 nt
474 2386 569 2475 nibii;
599 2389 622 2455 it
642 2388 729 2470 dies,
751 2392 791 2456 et
813 2388 905 2456 amici
929 2388 1008 2459 nulli
1028 2392 1153 2465 erant,
1181 2387 1262 2457 Tum
1280 2384 1325 2452 iile

225 2515 357 2562 rursum
387 2491 430 2560 ad
453 2491 572 2562 filium:
611 2490 731 2559 “amici
758 2489 810 2558 isti
839 2513 993 2582 magnam
1023 2493 1187 2582 partem”,
1221 2488 1322 2580 inquit,

225 2601 440 2664 “cessatores
464 2599 550 2684 snpt.
593 2593 678 2677 Quin
700 2593 811 2683 potius
832 2593 916 2662 imus
940 2598 972 2663 et
995 2599 1160 2686 cognatos
1186 2593 1324 2664 eiifines'-

225 2722 289 2793 que
303 2703 436 2768 nostros
451 2719 596 2782 ornmuS,
619 2701 654 2765 ut
674 2696 781 2765 adsint
796 2719 869 2766 ems
882 2699 1021 2789 tempori
1040 2698 1081 2768 ad
1099 2691 1321 2769 metendum?”

224 2803 337 2872 Itidem
361 2803 423 2871 boe
444 2800 520 2891 pulli
544 2801 704 2891 pauefacti
727 2800 818 2868 matri
843 2801 1000 2870 nuntiant.
1047 2801 1157 2870 Mater*
1175 2803 1319 2876 horisius,
1369 2855 1370 2866 ,

226 2910 260 2974 ut
283 2910 350 2974 tum
371 2927 503 2997 qnoque
525 2905 596 2974 sine
621 2907 707 2972 metu
730 2926 767 2972 ae
786 2903 857 2972 sine
879 2927 958 2972 cura
978 2904 1059 2988 sint,
1082 2911 1246 2996 cognatos
1267 2899 1320 2968 nd·

224 3008 374 3100 finesque
406 3008 514 3078 nullos
546 3010 648 3076 ferme
676 3010 741 3075 tam
769 3026 845 3076 esse
882 3007 1103 3100 obsequibiles
1132 3001 1261 3092 ait,‘nt
1285 2999 1317 3069 nd

223 3113 366 3180 latiorem
387 3112 624 3202 capessendum
640 3109 719 3200 nihil
734 3113 926 3179 cunctentur
944 3115 976 3179 et
995 3111 1103 3179 stetini
1120 3107 1216 3182 dieto,
1227 3110 1318 3177 oboe-

223 3215 328 3284 diant:
355 3222 445 3284 “uos
461 3213 592 3298 niodo”‚
615 3213 733 3305 inquit,
758 3217 779 3247 “
789 3214 967 3306 aduertite,
996 3213 1024 3282 si
1048 3201 1146 3312 modo
1169 3212 1244 3306 quid
1266 3209 1318 3274 de-
1368 3233 1369 3284 t

223 3341 289 3387 nuo
308 3319 462 3386 dicetur?
502 3317 576 3386 Alia
600 3317 673 3387 luce
694 3323 766 3384 orta
791 3317 865 3386 auis
888 3319 919 3384 in
946 3320 1075 3407 pastum
1100 3320 1247 3406 profecto
1267 3313 1316 3378 est.

223 3420 363 3514 Cognati
382 3427 414 3490 et
432 3421 558 3490 adfines
579 3441 723 3510 operam,
746 3441 844 3510 quem
867 3421 944 3488 dare
963 3421 1071 3510 rogati
1091 3426 1186 3505 sunt,
1210 3435 1315 3506 super-

222 3526 387 3594 sederunt.
433 3525 487 3592 Ad
510 3523 712 3614 postremum
735 3522 837 3612 igitur
855 3523 1007 3592 dominus
1024 3522 1109 3590 filio:
1134 3514 1316 3594 “ualeant-'2

221 3628 342 3722 inquit,
372 3627 490 3696 “amici
516 3650 587 3696 enm
611 3625 813 3716 propinquis.
859 3626 990 3694 Afferes
1011 3625 1122 3715 primo*
1142 3625 1205 3694 inei
1227 3621 1315 3692 foices
1367 3649 1368 3694 t

222 3733 445 3819 duasqunam
470 3735 602 3822 egomet
624 3713 752 3796 mihiet
775 3731 811 3796 tu
830 3729 885 3796 tibi
909 3729 1020 3820 capies
1044 3729 1180 3798 alteram
1204 3732 1235 3796 et
1254 3725 1316 3792 iru-

222 3839 373 3918 mentum,
395 3840 523 3903 nosmet
551 3833 613 3923 ipsi
641 3831 790 3900 manibus
813 3832 935 3900 nostris
963 3853 1036 3900 eras
1062 3830 1247 3910 metemus.''
1287 3821 1313 3890 ld

222 3939 277 4007 nbi
304 3962 346 4008 ex
372 3937 470 4028 pullis
494 3937 619 4006 dixisse
643 3934 810 4004 dominum
835 3940 939 4003 mater
957 3928 1100 4002 'andiuitz
1121 3925 1314 4022 ·“tempus’'‚

223 4043 342 4134 inquit,
376 4046 456 4110 “est
484 4035 620 4110 cedendi
644 4041 676 4105 et
699 4037 838 4106 abeundi
848 4063 856 4125 ;
885 4037 942 4106 fret
967 4060 1053 4128 nune
1078 4038 1176 4107 dubio
1203 4027 1311 4128 procui,
1365 4013 1367 4062 ⁴

222 4146 312 4237 quod
336 4147 480 4213 futurum
504 4143 594 4212 dixit.
635 4139 768 4230 inipso
795 4141 879 4208 enim
908 4141 970 4208 inm
997 4141 1151 4224 uertitur,
1180 4139 1249 4208 cuia
1270 4151 1313 4201 res

222 4253 288 4332 est,
317 4269 381 4315 non
407 4249 440 4316 in
462 4247 543 4330 alio,
572 4245 658 4314 unde
682 4243 837 4332 petitur.''
880 4246 987 4335 Atque
1013 4245 1058 4312 ita
1078 4243 1201 4312 cassita
1216 4239 1311 4310 nidum

1244 4539 1253 4546 -
