2784 4940
509 367 738 424 ENNIANAII
1058 379 1173 428 LXXIII

50 543 173 611 postca
196 550 329 592 seorsum
348 532 384 592 ab
396 531 541 592 Antiocho
564 534 694 591 sensisse
718 533 844 608 uidetur,
865 533 927 591 eius
952 535 994 592 rei
1015 533 1088 594 haud
1110 535 1172 596 scio

49 660 99 700 an
122 639 211 699 Gellii
232 639 358 697 narratio
380 637 407 694 V
426 639 444 696 5
467 639 605 697 rationem
628 639 767 716 quandam
788 637 933 697 exhibeat.

152 744 235 804 Ilaec
260 744 297 803 dc
322 742 393 802 belli
414 744 569 822 adparatu:
602 745 718 804 ehello
739 747 803 822 ipso
826 745 936 803 residet
962 746 997 804 ir.
1019 746 1045 804 V
1068 757 1172 806 matro-

51 871 118 910 nae
147 869 256 909 moeros
278 855 414 924 complent
437 861 565 925 spectare
589 855 735 927 fauentes.-
764 853 845 910 cuius
873 869 976 910 uersus
1006 851 1173 912 inlustrandi

52 959 141 1015 uiam
163 955 261 1014 Liuius
283 954 421 1014 XXXVII
443 954 635 1016 torstenus.
682 955 751 1015 Cum
774 959 847 1016 enim
870 976 895 1017 a.
920 977 947 1015 u.
971 978 997 1017 c.
1022 957 1084 1018 562
1099 960 1174 1034 regii

52 1065 198 1123 Seleuco
226 1063 301 1122 duce
329 1061 500 1138 Pergamum
528 1063 766 1122 circumsidentes
790 1071 954 1140 contemptu
976 1061 1172 1136 Achaeorum,

52 1172 112 1248 qui
131 1171 209 1228 intra
227 1171 341 1228 moenia
363 1187 397 1228 se
420 1167 571 1243 tenebant,
596 1177 657 1226 toto
677 1171 784 1246 passIm
808 1184 911 1246 campo
931 1187 963 1228 sc
985 1171 1172 1247 sparsissent,

53 1287 123 1335 tura
146 1275 318 1353 Diophanes
344 1276 512 1353 praefectus
539 1273 676 1352 praesidii
703 1275 856 1333 stationem
877 1273 1001 1334 hostium
1024 1277 1173 1353 inprouiso

52 1383 192 1441 inuadit:
221 1387 320 1441 caedes
343 1387 449 1457 passim
471 1384 593 1458 fupaqne
605 1401 662 1456 per
684 1400 796 1456 campos
815 1384 894 1456 facta
920 1391 969 1439 est.
1012 1386 1174 1456 Diaphanes

51 1497 175 1548 secutus
197 1493 301 1562 efneos
322 1491 416 1562 pand
441 1481 524 1546 lutum
549 1491 621 1563 suit,
649 1507 747 1563 mnpno
775 1492 874 1546 decore
900 1494 974 1563 penti
1000 1491 1173 1548 Achaeorum

48 1603 495 1668 parto—spectauerunt
531 1600 621 1652 enirn
655 1598 879 1652 emoenihus
905 1599 1075 1669 Per-pomi
1101 1615 1173 1654 non

53 1707 140 1760 niri
166 1703 264 1758 modo
291 1704 352 1758 sed
374 1703 532 1774 semiana
557 1705 663 1757 etium
684 1733 727 1743 -
752 1705 780 1756 in
803 1703 977 1773 praesidium
995 1701 1072 1756 urbis
1093 1705 1172 1758 redr't.

151 1807 288 1880 Quarti
310 1805 441 1864 decimi
464 1803 613 1862 annalis
641 1804 802 1880 fragmenta
825 1804 901 1860 inter
923 1803 993 1861 duas
1016 1803 1086 1862 licet
1109 1823 1172 1863 cum

56 1912 213 1970 Antiocho
235 1929 261 1970 a.
285 1928 312 1967 u.
335 1927 361 1968 c.
391 1909 453 1970 562
481 1911 648 1969 commissas
676 1927 788 1986 pugnas
811 1909 925 1987 aequali
949 1909 1012 1968 iere
1038 1912 1172 1987 portione

55 2017 260 2077 distribuere:
292 2016 419 2092 priorem
448 2015 515 2073 dico
541 2014 672 2073 naualem
696 2015 730 2074 ad
753 2013 942 2089 Myonnesum
961 2015 1065 2074 iactam
1088 2033 1173 2092 quam

55 2120 162 2178 Liuius
184 2117 321 2178 XXXVII
339 2119 390 2179 29.
416 2120 456 2179 30
485 2120 633 2199 perhibet:
662 2123 736 2181 unde
759 2131 893 2200 quantum
921 2105 991 2178 satis
1012 2121 1108 2178 estad
1131 2121 1171 2178 in·

56 2225 216 2284 lustranda
237 2225 273 2283 ic.
290 2223 397 2284 I——IV
419 2227 491 2285 inira
512 2228 627 2305 scripsi
673 2227 761 2304 Ergo·
776 2226 917 2286 Aemilius
933 2223 1067 2301 Regillus
1087 2243 1171 2303 prae·

56 2342 107 2392 tor
134 2333 171 2392 ad
198 2331 334 2390 'l'eiorum
356 2330 456 2390 urbem
473 2330 598 2391 classem
623 2332 788 2392 traduxerat
810 2342 839 2391 et
860 2338 965 2409 epressi
984 2335 1080 2390 milites
1101 2352 1157 2390 nau

56 2451 163 2514 tneque
186 2443 308 2496 suntad
331 2447 496 2496 commentus
516 2449 543 2496 et
563 2445 656 2498 ninum
678 2447 799 2498 maxime
824 2442 998 2496 diuidendum
1013 2442 1049 2494 'in
1070 2455 1171 2495 naum:

56 2567 127 2604 cram
153 2548 242 2603 media
264 2547 341 2619 sorte
364 2549 418 2601 diei
438 2551 554 2619 aprestis
574 2549 685 2621 quidam
706 2551 745 2603 ad
761 2553 921 2620 praetorem
945 2545 1080 2600 adductus
1100 2563 1172 2600 nun-

57 2659 111 2710 tiat
135 2656 253 2709 atterum
279 2656 334 2708 ium
360 2654 429 2708 diem
451 2655 566 2709 classem
587 2660 664 2709 stare
689 2655 728 2708 ad
754 2654 872 2708 insulam
894 2649 1007 2718 Macrin
1028 2648 1081 2724 (ita
1104 2665 1171 2706 nau-

57 2759 110 2816 rici
145 2764 253 2814 uocant
280 2753 503 2835 Myonnesum),
533 2769 558 2816 et
588 2763 675 2834 poulo
703 2766 766 2814 unte
792 2760 869 2812 unus
902 2758 1036 2828 quasdam
1068 2761 1174 2814 moueri

58 2875 205 2938 tamqnam
234 2867 273 2920 ad
294 2866 496 2938 profectionem
525 2881 612 2921 naues
639 2897 683 2906 —
708 2894 750 2904 -
780 2862 871 2938 primo
900 2856 1017 2919 turbatis
1049 2865 1172 2936 imperiis

57 2989 232 3030 coneursum
252 2973 291 3026 ad
309 2989 396 3028 nunes
418 2981 470 3028 est.-
493 2967 560 3026 dein
582 2967 705 3026 consilio
735 2985 769 3026 ac
797 2966 948 3043 prudentia
971 2965 1087 3025 Aemilii
1109 2968 1171 3025 sine

59 3075 261 3154 trepidatione
290 3092 379 3133 naues
406 3075 618 3134 conscendunt:
647 3081 834 3147 instructaque
853 3078 950 3147 acies,
980 3078 1054 3131 uelut
1073 3091 1171 3130 cerne-

60 3190 127 3240 rent
146 3186 251 3255 reptos,
269 3187 298 3238 in
316 3185 401 3239 altum
419 3187 558 3256 processit
579 3179 615 3257 (I.
638 3179 691 3257 ΙΙ).
736 3185 806 3238 inter
831 3181 1011 3254 Myonnesum
1039 3190 1065 3237 et
1086 3183 1171 3254 Corp-

59 3307 126 3346 cnrn
137 3292 363 3361 promunturium
382 3297 476 3374 erant,
502 3306 562 3344 cum
584 3290 686 3345 hostem
704 3303 876 3370 conspexere
901 3283 973 3361 (ΙΙΙ)
997 3317 1040 3330 -a
1055 3292 1110 3344 iarn
1132 3293 1170 3344 to-

61 3400 94 3450 tis
123 3397 207 3450 simul
233 3391 367 3450 classibus
392 3395 427 3449 ah
454 3396 528 3450 omni
544 3401 626 3466 parte
649 3412 746 3468 pupna
770 3400 897 3450 conserta
926 3402 996 3449 erat.
1040 3390 1172 3450 Alterum

63 3497 145 3576 quod
163 3496 220 3556 huc
242 3498 367 3575 pertinet
380 3496 523 3574 proelium
545 3506 590 3556 est
610 3497 645 3556 ad
664 3495 841 3575 Magnesiam
861 3498 1055 3570 commissum,
1073 3495 1170 3572 quode
1223 3539 1226 3548 .

63 3602 162 3660 Liuius
192 3600 211 3659 l.
234 3602 253 3660 l.
286 3601 432 3661 39-44.
485 3601 539 3674 Qui
569 3603 617 3662 uhi
640 3602 787 3662 Romanae
818 3603 891 3662 aclei
921 3603 1048 3660 rationes
1080 3603 1171 3677 tangit

64 3709 142 3768 ‘duo
180 3707 258 3767 milia
291 3710 442 3767 mixtorum
471 3707 660 3768 Macedonum
697 3708 956 3785 Thracumque,
992 3709 1039 3784 qui
1067 3705 1168 3765 nolun-

64 3825 123 3874 tate
141 3816 235 3874 secuti
259 3823 375 3888 essent,
402 3815 546 3891 praesidio
568 3816 671 3874 castris
697 3814 817 3873 reIIctos
842 3817 927 3872 esse’
952 3821 1168 3871 commemorat.

63 3922 147 3982 Vnde
181 3922 300 3979 occasio
334 3919 486 3998 dispicitur
513 3939 569 3998 qua
596 3921 705 3979 Ennius
736 3920 862 3997 potuerit
884 3919 992 3996 rumpia
1018 3918 1095 3994 quod
1117 3936 1168 3994 ge·

65 4046 117 4085 nus
140 4027 192 4085 teli
209 4025 341 4085 Thracas
363 4028 486 4084 nationis
506 4035 550 4084 est
571 4026 629 4104 (V)
647 4041 883 4084 commemorare.
915 4021 1035 4082 Relicua
1058 4034 1168 4101 aperta.

64 4132 140 4190 Ante
165 4141 310 4190 certamen
334 4131 497 4191 cohortatr'o
521 4131 556 4190 ad
579 4131 684 4190 mllites
714 4128 803 4209 (Vl):
835 4131 995 4206 insequitur
1026 4130 1169 4208 proelium

66 4238 164 4318 (VII).
208 4236 342 4319 Denique
369 4240 479 4299 fractus
505 4238 586 4299 bello
612 4238 772 4298 Antiochus
797 4237 987 4296 calamitatem
1011 4254 1091 4296 suam
1118 4235 1168 4294 de·
