2770 4946
210 355 273 422 l„
588 359 946 420 Tuauoaltlanvu

222 539 284 601 285
310 528 409 600 Vecti
429 529 585 622 petebant
607 529 728 620 peiiem
747 531 931 600 insomnia
952 531 1084 600 arietis.

312 632 462 716 colobia,
488 633 628 724 imperio
645 633 739 724 regis
758 633 889 718 Peliae,
917 635 979 725 pe'r
998 634 1124 704 dolum.

310 737 391 806 uam
411 737 591 828 numquam
609 757 668 804 esa
685 757 803 806 enam
824 737 900 806 mia
916 737 1017 808 domo
1037 734 1187 808 ecferet
1215 733 1331 828 peden
1380 765 1381 768 ¹

310 839 443 924 bledda,
470 839 580 908 animo
602 861 723 930 aegia,
751 839 866 910 amore
885 862 991 910 saeuo
1014 841 1140 912 sancia.

205 1039 337 1090 saucia·
373 1041 461 1090 [icem
482 1039 514 1090 de
532 1039 585 1090 inu.
602 1039 612 1088 1
628 1037 720 1098 11191
745 1039 838 1088 ‘buius
854 1039 924 1090 modi
943 1049 982 1090 est
997 1041 1043 1090 iiia
1056 1055 1160 1104 quoque
1178 1037 1331 1102 conquestio

207 1109 279 1175 [⁸2⁸⁰.
295 1109 368 1176 2811.
395 1109 591 1178 longiusenim
605 1109 713 1174 repetita
726 1115 777 1165 est,
796 1123 873 1174 quam
886 1125 927 1159 res
942 1109 1108 1176 postulabat?
1136 1111 1217 1160 Idem
1236 1109 1269 1159 de
1284 1115 1331 1156 nat.

207 1182 277 1230 deor.
300 1179 333 1230 111
353 1177 402 1233 311,
421 1181 456 1230 75
476 1181 610 1228 ‘utinen
630 1179 722 1244 igitur,
749 1187 776 1227 ut
800 1177 860 1228 iiia
879 1194 958 1229 anus
975 1187 1059 1247 optat,
1085 1195 1123 1229 ne
1146 1181 1182 1230 in
1204 1191 1334 1228 nemore

263 1250 389 1299 trabes.¹
418 1249 499 1298 Varro
515 1247 547 1298 de
560 1247 588 1298 1.
602 1247 632 1296 L.
650 1249 697 1298 vil
712 1247 747 1299 33
763 1248 797 1298 11.
818 1249 870 1298 ‘sic
889 1249 987 1300 dietum
1006 1265 1021 1298 a
1037 1249 1214 1314 quibusdam,
1237 1255 1266 1298 ut
1286 1260 1335 1294 una

206 1335 296 1372 canes.
313 1334 364 1369 una
381 1321 490 1368 trabes
508 1319 586 1368 remis
604 1327 714 1368 rostnta
732 1333 778 1384 per
795 1317 883 1368 altum.
915 1319 1027 1369 Ennius:
1051 1317 1120 1384 [280.
1138 1317 1232 1386 2811:
1267 1317 1334 1366 Pris-

206 1391 295 1439 cianus
312 1389 358 1440 ΥΠ
377 1403 403 1456 p.
416 1389 465 1439 751
480 1387 508 1438 Ρ.
533 1387 558 1452 (1
577 1401 604 1454 p.
618 1385 671 1438 318
683 1386 730 1451 Κ.)
753 1389 935 1438 ‘uetustissimi
952 1397 1037 1438 tamen
1056 1390 1170 1440 trabtes
1192 1403 1245 1456 pro
1266 1385 1334 1435 trabs

207 1459 378 1526 proferebant.
407 1457 505 1508 Ennius
522 1457 548 1506 in
565 1455 668 1508 biedea:
692 1455 769 1522 [280.
786 1453 873 1522 2811:
902 1457 992 1510 Gieero
1010 1459 1100 1526 Topio.
1122 1459 1171 1520 lo,
1193 1458 1230 1512 t51
1255 1454 1333 1505 ‘iilud

207 1531 275 1579 enim
305 1539 344 1580 eat
372 1537 515 1591 tamqnam:
549 1528 668 1576 utinam
693 1541 731 1577 ne
760 1529 791 1576 in
818 1541 947 1578 nemore
972 1529 1081 1580 Pelio!
1134 1526 1333 1596 (securibus

208 1613 306 1649 caesa
326 1597 502 1650 cecidisset
519 1595 556 1646 ad
576 1605 594 1646 t.
614 1596 725 1647 trabes
744 1598 805 1648 add.
822 1597 873 1648 dno
892 1597 975 1648 Oxou.
990 1614 1055 1651 unus
1069 1598 1150 1666 Sang.
1166 1594 1244 1666 mg.)
1265 1593 1331 1644 ‘Nisi

208 1671 276 1719 enim
294 1667 498 1718 accidissent
519 1667 681 1734 abiegnae
699 1668 737 1718 ad
754 1675 871 1716 terram
891 1669 1018 1728 trabes,
1045 1669 1114 1734 Argo
1132 1669 1182 1718 illa
1197 1667 1270 1718 iacta
1286 1677 1332 1713 non

209 1749 289 1796 esset,
310 1753 357 1788 uec
371 1745 455 1788 tamen
470 1737 518 1788 ibit
532 1738 557 1786 in
572 1738 604 1785 iis
617 1737 733 1786 trabibus
751 1737 880 1787 efficiendi
899 1739 940 1787 uis
957 1739 1122 1788 necessaria!
1155 1737 1332 1798 Quintilianus
1380 1739 1381 1744 ’

209 1809 232 1858 V
250 1809 290 1863 to,
304 1808 340 1859 81
357 1811 438 1858 ‘recte
452 1817 537 1857 autem
550 1821 695 1868 monemur,
714 1821 805 1858 musas
818 1821 867 1856 non
880 1809 968 1871 utique
982 1809 1014 1857 ab
1032 1808 1122 1858 ultimo
1137 1823 1199 1858 esse
1215 1814 1333 1872 repeten-

209 1877 269 1935 das.
292 1887 319 1926 nt
339 1877 442 1938 usuca,
467 1877 589 1926 utinam
671 1875 776 1927 Pelio:
802 1877 876 1940 quasi
893 1892 955 1928 uero
973 1877 1001 1928 id
1020 1893 1076 1928 eam
1095 1877 1189 1928 iecerit
1209 1879 1331 1928 miseram

209 1959 251 1998 aut
265 1959 411 2000 nocentem.
431 1945 566 2010 quodidie
587 1945 748 1996 ceciderit
765 1947 906 2012 abiegna
924 1946 963 1997 ad
980 1955 997 1996 t.
1013 1948 1144 1997 trabes·
1170 1947 1292 1998 Donatus
1305 1945 1330 1992 iu

210 2019 268 2068 Ter.
282 2017 384 2068 Pbonn.
399 2015 449 2068 13.
463 2019 479 2068 b
497 2021 585 2065 ‘uetus
599 2016 709 2066 elocutio
722 2019 844 2068 utinam
863 2031 908 2068 ne.
935 2017 1032 2067 Ennius
1044 2019 1071 2066 in
1083 2017 1191 2068 Medea:
1206 2017 1330 2067 utinam

269 2087 398 2137 trabes!
429 2086 509 2135 bilius
528 2086 655 2135 Victore.
674 2087 706 2136 ta
724 2103 751 2152 p.
767 2085 819 2138 237
837 2085 880 2138 Or.
905 2091 963 2147 ‘ut,
984 2089 1012 2136 si
1033 2085 1064 2135 in
1085 2103 1220 2138 nemore
1239 2084 1329 2136 Pelio

209 2171 270 2208 non
288 2157 492 2206 cecidissent
511 2155 638 2214 trabes,
667 2155 716 2206 boc
734 2157 996 2206 seelusiaeusmnon
1014 2158 1100 2206 esset.⁹
1129 2157 1225 2208 Cicero
1240 2157 1273 2206 de
1286 2153 1326 2202 fin.

209 2229 270 2278 bon.
286 2237 311 2278 et
325 2226 386 2276 mal.
402 2227 412 2276 1
430 2227 490 2281 2.5
519 2226 592 2290 ‘quis
612 2225 679 2276 euim
703 2233 756 2276 tam
778 2227 898 2276 inimicus
918 2242 1001 2292 paene
1023 2227 1121 2276 nomini
1138 2228 1261 2278 Romano
1283 2230 1327 2280 est,

209 2299 252 2362 qui
271 2297 335 2346 Enni
353 2295 469 2346 Medeam
492 2305 534 2343 aut
554 2295 691 2360 Antiopam
709 2294 804 2346 Pacuui
829 2305 934 2362 spernat
959 2305 1002 2346 aut
1023 2297 1127 2356 reiciat,
1153 2297 1227 2360 quod
1246 2311 1274 2346 se
1293 2294 1325 2341 is

211 2367 269 2418 dem
282 2365 413 2430 Euripidis
431 2363 525 2414 tabuiis
543 2363 665 2414 deiectari
684 2365 773 2414 dieat?
789 2392 823 2402 —
837 2393 872 2402 —
892 2381 925 2415 au
944 2367 1067 2415 utinam
1087 2381 1125 2419 ne
1145 2368 1179 2416 in
1199 2377 1327 2416 nemore

210 2435 291 2486 nibiio
304 2436 389 2485 minus
406 2435 516 2500 legimus
528 2449 606 2497 quam
624 2433 673 2485 boe
692 2435 762 2485 idem
774 2435 931 2486 Graecum?¹
957 2435 1106 2502 (nemore
1125 2436 1222 2486 Pelio
1240 2427 1327 2493 Leid.)

210 2507 379 2570 uincamus
399 2504 535 2554 biareetiae
553 2503 648 2554 uiduae
666 2505 782 2572 epitaph.
807 2521 835 2571 p.
855 2504 924 2556 louo
943 2506 1023 2571 Migu.
1048 2506 1156 2568 ‘quibus
1181 2505 1326 2556 rectissime

211 2575 277 2626 iilud
294 2575 437 2626 Ennianum
457 2575 540 2639 spurt
559 2582 657 2638 potest:
688 2576 809 2626 utinam
826 2590 865 2626 ns
885 2576 917 2624 in
934 2589 1065 2625 nemore
1085 2576 1194 2626 Pelio)
1240 2575 1326 2626 Cicero

211 2647 287 2696 Tuse.
305 2646 372 2710 disp.
390 2644 494 2694 121145
512 2644 621 2692 ‘etenim
639 2646 662 2694 si
679 2660 745 2696 nunc
764 2646 863 2710 aliquid
880 2646 983 2708 assequi
1002 2661 1031 2694 se
1044 2653 1147 2710 putant,
1168 2647 1213 2708 qui
1236 2644 1324 2695 ostium
1379 2653 1380 2718 t

209 2717 283 2768 Ponti
301 2715 412 2765 uiderint
431 2723 455 2762 et
472 2729 516 2762 cus
535 2716 680 2778 angustias,
697 2731 744 2782 per
763 2731 827 2778 quas
848 2716 990 2781 penetrauit
1010 2730 1123 2777 eaquae
1140 2723 1179 2764 est
1196 2715 1324 2765 nominata
1379 2735 1380 2780 3

208 2840 421 2854 ———-—

210 2921 320 2990 (dilecti
342 2919 412 2975 Gud-
434 2917 518 2991 Ray.)
543 2919 595 2974 uiri
617 2918 699 2974 Venti
719 2920 851 2990 petebam
874 2919 977 2989 pellem
998 2918 1055 2974 Cic.
1078 2916 1173 2981 Tusa..
1197 2917 1323 2974 nam

211 3006 295 3064 Atat.
311 3003 382 3060 1th
396 3002 414 3060 1
429 3009 471 3064 16.
488 3019 558 3076 argo
572 3005 660 3076 (argu
680 3002 825 3070 Wnerzb.)
841 2993 898 3074 ilua
920 3003 981 3072 (qui
1006 3002 1135 3058 Wumb.
1152 3004 1220 3073 quia
1235 3001 1323 3064 nna.)

211 3091 301 3164 argiui
319 3091 349 3144 in
362 3088 464 3144 eadem
480 3089 543 3144 lecti
560 3089 612 3144 uiri
629 3088 702 3144 ueeti
720 3090 853 3159 petebant
867 3089 970 3159 pettem
991 3087 1119 3143 Wuerzb.
1134 3087 1211 3142 Fris.
1236 3093 1264 3142 et
1275 3084 1322 3140 aab

211 3175 285 3248 quod
299 3175 397 3245 Argiui
415 3211 457 3230 ...
475 3173 547 3230 uecti
562 3176 590 3228 in
604 3187 665 3228 roa.
680 3172 752 3228 Par.
772 3173 809 3228 A.
831 3187 887 3244 qua
906 3172 998 3244 argiui
1022 3172 1092 3239 (uiri
1114 3171 1182 3226 add.
1201 3187 1242 3226 m.
1264 3171 1321 3232 ait.)

211 3261 276 3318 laeti
291 3261 422 3332 petebant
436 3260 537 3328 pellent
551 3257 690 3314 Bonna.
712 3257 749 3312 A.
771 3273 827 3328 qua
847 3258 939 3330 argiui
960 3255 1054 3312 dilecti
1075 3257 1127 3312 uiri
1150 3257 1223 3312 necti
1246 3260 1319 3328 pete-

211 3347 278 3404 bant
296 3346 399 3416 pellem
415 3343 514 3402 Bamb.
528 3342 555 3398 b.
574 3342 611 3397 A.
628 3343 695 3414 quia
711 3343 803 3414 argiui
818 3343 848 3398 iu
870 3342 971 3398 eadem
986 3342 1034 3396 lati
1050 3342 1103 3396 uiri
1119 3343 1254 3412 petebant
1269 3339 1322 3413 pel-

211 3433 266 3488 lem
284 3429 352 3486 Tur.
368 3429 403 3484 A.
419 3429 466 3500 qui
481 3427 572 3499 argini
584 3427 613 3482 in
627 3444 662 3482 ea
675 3426 776 3484 delecti
792 3427 845 3482 uiri
858 3429 992 3498 petebant
1003 3427 1107 3498 pellent
1120 3424 1190 3498 Erf.
1206 3426 1243 3481 A.
1261 3425 1320 3497 quia

212 3517 304 3590 argiui
327 3515 391 3570 lecti
413 3514 465 3568 uiri
486 3514 617 3584 petebant
635 3514 739 3584 pellem
763 3513 807 3578 (bt
823 3527 877 3584 my.
893 3512 958 3568 odd
976 3512 1067 3572 iliam)
1087 3509 1175 3581 θρῖα.
1196 3511 1237 3566 od
1254 3509 1319 3566 ner.
1378 3569 1379 3576 χ

212 3602 247 3658 A.
267 3617 322 3672 qua
336 3599 409 3656 ueeti
424 3599 523 3669 Argiui
539 3597 640 3654 detecti
657 3597 709 3652 uiri
724 3598 859 3652 Petebant
874 3598 950 3652 iiiam
967 3598 1070 3667 pellem
1084 3595 1177 3650 Pn'ac.
1192 3595 1227 3651 de
1244 3600 1321 3652 metr·
1378 3631 1379 3642 .

216 3687 295 3754 Ter„
318 3686 391 3756 uuio.
410 3684 450 3738 ad
461 3683 532 3738 Her.
615 3687 669 3742 286
689 3683 765 3736 Pelei
782 3681 875 3738 Troas.
898 3682 986 3753 petire
1012 3680 1142 3737 szb.
1158 3680 1199 3734 ad
1210 3679 1285 3736 Her.

254 3773 306 3830 287
329 3785 378 3826 era
401 3768 464 3824 cdd.
487 3769 552 3840 aliq.
573 3767 607 3822 de
626 3767 696 3838 foto.
718 3766 788 3822 hera
807 3767 903 3838 nnlyo,
929 3781 983 3822 om.
1013 3764 1141 3822 Weerzo.
1159 3764 1199 3818 od
1210 3764 1283 3822 Her.
1378 3805 1379 3810 κ

255 3856 339 3912 domo
351 3870 403 3911 mu.
422 3852 551 3908 Wuerzb.
563 3853 602 3908 od
611 3851 682 3908 Her.
768 3851 821 3906 hee
834 3852 919 3908 terret
929 3851 993 3906 cdd.
1004 3851 1069 3922 aliq.
1081 3849 1116 3904 de
1124 3847 1196 3920 soto.
1210 3848 1321 3905 efferret

211 3941 293 4013 nubo
378 3951 519 4010 nunquam
548 3937 618 3993 hera
645 3951 743 3992 errans
767 3951 831 3990 mea
851 3936 953 3992 medea
980 3934 1094 3990 efferret
1116 3935 1221 4004 pellem
1242 3935 1321 3989 domo

213 4026 312 4083 Bomb.
327 4025 353 4080 b.
369 4037 512 4094 uunquam
528 4037 576 4078 era
591 4037 691 4078 errans
705 4037 770 4076 mea
783 4025 876 4092 (Ἔαρ.
890 4023 962 4087 tin.')
978 4020 1079 4075 medea
1094 4016 1208 4074 efferret
1222 4020 1319 4090 pedem

212 4111 297 4168 domo
315 4109 403 4182 opos.
422 4123 563 4178 uunquam
584 4121 682 4162 errans
699 4104 802 4160 medea
826 4104 941 4160 efferret
962 4105 1065 4177 pedem
1081 4103 1157 4158 Frui.
1181 4099 1319 4176 nunquam

211 4214 277 4252 mea
292 4212 392 4252 errans
407 4191 509 4248 medea
524 4190 639 4246 efferret
650 4189 753 4262 pedem
768 4188 853 4244 domo
871 4190 938 4249 Tur.
952 4190 995 4244 ad
1005 4189 1076 4244 Her.
1164 4193 1218 4248 288
1239 4203 1320 4261 aegro

212 4281 277 4338 libri
294 4282 329 4336 de
346 4279 421 4351 sato,
450 4273 621 4346 consepto.
638 4292 696 4346 pro
711 4273 784 4332 caat.
874 4273 968 4332 Totam
986 4288 1099 4332 tiernus
1114 4289 1168 4328 ont.
1195 4271 1318 4329 Wuersb.
1377 4275 1378 4280 ’
