2784 4940
515 373 743 432 ΕΝΝΙΑΝΑΕ
1098 385 1186 434 xxix

73 539 149 602 Naar
172 550 205 602 ut
226 539 335 604 Ennius
355 542 497 617 Aeneam,
519 541 568 620 qui
591 539 694 600 dudum
711 548 777 600 ante
795 555 950 619 puerorum
972 547 1084 618 partam
1103 541 1185 602 obie-

74 651 130 723 rit,
151 665 211 707 non
234 658 336 727 aperte
361 647 474 710 Romuli
504 645 587 706 auum
615 648 782 722 nominarit,
812 645 870 706 boc
887 655 982 708 tamen
1009 663 1067 705 non
1093 647 1185 708 miuus

76 764 204 831 constat,
230 755 352 816 alterum
374 756 399 814 si
414 771 514 814 uerum
533 763 588 828 est,
610 754 690 815 liiam
702 754 793 814 iuisse
805 752 926 813 Aeneae
940 752 1041 813 tiliam:
1064 754 1092 815 id
1106 755 1184 834 quod

76 863 199 922 Seruius
222 879 278 921 occ
300 860 356 921 boe
379 859 447 920 loco
469 879 525 922 nec
540 861 646 935 altero,
670 877 755 940 quem
779 861 873 922 statim
896 860 1042 936 adieram,
1063 862 1090 921 in
1113 880 1183 924 suae

79 967 228 1028 cuiusdam
247 968 444 1031 conclusionis
461 969 591 1046 speciem
608 967 703 1043 tradit,
727 984 790 1028 cum
805 967 978 1046 praesertim
994 985 1029 1030 ea
1045 972 1183 1032 memoria

76 1092 131 1134 noo
142 1073 267 1136 Ennium
281 1084 388 1135 tantum
403 1074 455 1136 sed
472 1075 556 1136 etiam
568 1072 708 1134 Naeuium
720 1075 848 1136 attineat.
872 1073 1004 1152 Namque
1016 1076 1054 1136 ita
1066 1077 1095 1136 in
1106 1077 1180 1138 Aen.

71 1180 84 1240 1
106 1181 172 1243 273
200 1186 325 1242 Nomen
345 1191 372 1241 et
389 1185 511 1253 dinnao,
541 1182 595 1256 ait,
622 1185 732 1240 Aeneae
753 1199 792 1240 ex
809 1185 869 1256 filio
893 1191 1016 1256 nepotem
1037 1186 1182 1245 Romulum
1306 1233 1310 1242 .

70 1294 242 1350 conditorem
274 1292 351 1348 orbat
381 1292 504 1348 tradunt.
552 1287 736 1348 Testimoniis
762 1286 861 1346 fauent
891 1285 1007 1348 residua
1040 1291 1181 1368 quaedam

68 1502 215 1579 XXXIV,
243 1522 298 1583 per
319 1499 459 1560 somnium
478 1508 561 1578 pater
579 1499 701 1578 adparet
721 1500 859 1580 illamque
881 1519 961 1562 suam
987 1512 1102 1582 gnatam
1131 1507 1179 1568 ad·

69 1608 177 1690 pellat.
202 1609 285 1683 Quae
309 1607 358 1687 qui
382 1607 467 1686 plane
491 1623 525 1668 ac
543 1604 715 1685 simpliciter
734 1607 866 1686 Ennium,
889 1625 946 1668 noo
968 1610 1112 1689 obscure,
1137 1613 1178 1674 io·

67 1725 170 1776 cuturn
192 1716 302 1794 uolent,
325 1733 416 1793 aegre
439 1732 504 1774 cum
522 1712 634 1774 Merula
657 1723 687 1775 et
706 1716 818 1778 editore
840 1716 985 1796 lipsiensi
1007 1717 1043 1778 de
1076 1721 1178 1780 nescio

68 1839 131 1901 quo
157 1823 292 1900 longiore
326 1823 508 1900 cognationis
535 1821 627 1899 gradu
654 1821 835 1900 intellegent.
878 1824 991 1886 Patrem
1014 1833 1110 1886 autem
1139 1826 1179 1888 ibi

67 1928 204 1990 Aeneam
236 1916 292 1990 dici
318 1929 367 1990 uel
394 1929 456 1988 sine
481 1929 543 1988 istis
566 1929 738 1989 testimoniis
760 1931 826 1992 inde
849 1929 988 2011 adparet,
1017 1923 1177 2011 quod‘Eu·

68 2036 174 2112 rydica
193 2045 363 2116 prognatam
373 2036 391 2112 ’,
408 2037 454 2096 coi
473 2036 612 2096 somnium
627 2046 742 2097 enarrat
759 2036 822 2114 iiia,
835 2029 1012 2117 ‘germanam
1028 2042 1176 2100 sororem’

67 2143 247 2222 adloquitur.
281 2141 456 2218 Eurydicam
477 2143 553 2204 enim
575 2142 698 2204 Aeneae
719 2161 840 2204 uxorem
862 2142 992 2206 Lescbes
1015 2155 1046 2206 et
1068 2139 1175 2226 'Cypria

70 2249 250 2310 tradiderunt
272 2258 348 2310 teste
366 2248 506 2310 Pausania
527 2247 556 2309 X
577 2248 632 2310 26:
653 2247 788 2329 Λέσχεως
809 2247 841 2310 δὲ
858 2248 908 2310 aot
927 2242 943 2312 ὁ
965 2242 1091 2331 ποιήσας
1120 2253 1177 2334 ἔπη

71 2345 110 2414 τᾶ
125 2349 246 2436 Κύπρια
262 2348 399 2417 διδόασιν
410 2345 586 2437 Εὐρυδίκην
600 2359 729 2435 γυναῖκα
742 2353 857 2439 Αἰνείᾳ.
879 2353 924 2416 Gi.
941 2355 1121 2419 Welckerus
1138 2361 1175 2422 de

70 2459 159 2536 oycio
176 2479 224 2540 ep.
247 2460 275 2522 11
295 2481 324 2542 p.
349 2461 420 2524 248.
452 2463 490 2522 Vt
512 2463 615 2523 eadem
638 2461 763 2524 carmina
784 2459 897 2522 Graeca
919 2481 993 2543 quae
1009 2466 1174 2544 Eurydioae

65 2566 249 2628 etiam-iliae
266 2572 408 2649 originem
426 2571 543 2632 dedisse
565 2569 728 2648 suspicere.
778 2565 850 2628 Iliae
872 2579 967 2630 autem
995 2589 1080 2633 soror
1110 2593 1175 2636 cum

64 2678 183 2734 ‘anus'
200 2693 216 2734 a
232 2681 320 2753 poeta
331 2677 443 2739 dicatur
455 2679 568 2757 (oeque
580 2676 655 2738 euim
667 2676 704 2737 de
716 2675 841 2736 diuersis
854 2675 1037 2753 cogitandum
1051 2688 1096 2739 est
1108 2699 1174 2759 per·

61 2783 187 2861 sonis),
209 2799 266 2842 noo
286 2784 374 2862 paulo
405 2802 468 2846 eam
490 2792 586 2844 aetate
609 2782 824 2862 prouectiorem
850 2780 902 2842 iiia
928 2781 1019 2844 fuisse
1048 2803 1173 2848 necesse

61 2898 125 2950 est.
172 2886 235 2962 Illis
255 2899 351 2952 autem
372 2892 510 2952 conuenit
527 2891 686 2970 aptissime,
709 2865 786 2968 quod
808 2887 860 2948 lb'a
874 2881 1173 2969 Venerem‘genetri·

61 3014 135 3057 cem
155 2999 246 3075 patris
267 2996 375 3058 nostri'
400 3005 430 3058 et
444 2987 625 3076 ‘cognatam’
649 2997 718 3058 dicit
735 2994 892 3077 (XXXVI)
908 2998 1022 3076 etipsa
1040 2989 1099 3060 ‘dia
1122 3019 1172 3062 ne·

61 3103 142 3183 pos‘
166 3103 331 3182 adpellatur
349 3123 365 3165 a
385 3104 503 3166 Venere
519 3099 686 3185 (XXXIX).
719 3102 775 3176 Qut
794 3103 910 3182 quidem
932 3121 1093 3168 consensus
1108 3109 1172 3188 ipse

60 3213 131 3270 iure
154 3209 205 3270 illa
225 3209 311 3287 lliaa,
338 3210 412 3272 baec
433 3211 553 3288 Veneri,
577 3229 634 3272 non
659 3213 707 3291 qui
730 3209 819 3288 uulgo
845 3210 1019 3272 credebatur
1040 3211 1172 3292 Aeneae,

61 3316 176 3380 ascribi
212 3317 346 3378 ostendit.
407 3318 508 3400 ltaque
543 3318 651 3380 Ennius
682 3335 746 3377 cum
779 3316 911 3380 Aeneam
931 3317 1007 3386 ,iere
1038 3323 1171 3399 attigisse

61 3423 180 3483 Romae
205 3425 346 3501 originem
373 3425 478 3503 fingat,
515 3425 584 3486 nibil
611 3424 648 3485 de
676 3422 791 3484 conditu
813 3422 889 3484 Alba
920 3425 1016 3507 deque
1043 3427 1171 3488 Albano-

63 3547 130 3590 rum
164 3546 265 3607 regum
301 3534 500 3594 commenticia
533 3533 610 3592 serie
640 3531 782 3591 narrauit:
818 3549 891 3610 quas
920 3548 968 3590 res
997 3542 1093 3593 notum
1127 3545 1172 3596 est

64 3645 173 3716 postea
200 3637 228 3695 in
251 3636 408 3699 Romanam
436 3639 584 3700 historiam
609 3637 728 3697 insertas
752 3655 820 3696 esse
844 3635 963 3714 abeis,
993 3640 1042 3718 qui
1068 3658 1171 3718 magna

67 3745 144 3804 inter
164 3742 271 3805 Troiae
292 3746 399 3806 exitum
423 3756 451 3813 et
469 3748 546 3808 initia
569 3746 677 3806 Romae
700 3740 851 3802 interualla
876 3742 1000 3821 explere
1021 3762 1074 3823 pro
1096 3747 1171 3806 uirili

67 3859 151 3928 parte
171 3850 416 3929 periclitarentur.
1070 3836 1071 3840 ¹

151 3956 260 4018 Veram
276 3957 313 4018 ad
334 3957 409 4020 bunc
432 3959 527 4020 locum
549 3975 606 4018 nou
626 3974 681 4017 uno
705 3958 819 4016 nomine
843 3956 975 4035 quaestio
998 3955 1035 4015 de
1058 3965 1169 4036 tempo·

63 4083 127 4126 rum
139 4066 252 4125 ratione
268 4065 403 4147 pertinet,
422 4082 478 4143 qua
488 4063 595 4124 Ennius
607 4082 660 4124 sua
671 4073 767 4124 aetate
780 4063 807 4122 b.
823 4081 849 4122 e.
863 4071 930 4122 ante
940 4080 1041 4123 annum
1053 4062 1090 4124 ab
1103 4083 1129 4124 u.
1143 4083 1169 4124 c.

63 4172 126 4233 585
140 4171 252 4242 ‚urbem
275 4170 394 4230 Romam
417 4171 494 4232 cirea
516 4170 767 4250 septingentorum
787 4185 924 4228 annorum
939 4168 1030 4229 fuisse
1045 4169 1168 4231 tradidit.

62 4275 153 4338 Cuius
168 4277 242 4338 baec
259 4287 325 4340 suot
340 4276 497 4340 aVarroue
516 4278 553 4338 de
568 4295 601 4337 ra
617 4285 692 4338 rust:
709 4275 749 4336 111
766 4277 792 4352 i,
809 4273 1012 4337 2conseruata
1024 4275 1114 4336 uerba
1125 4278 1169 4338 ica
