2796 4948
516 339 756 410 ncclpvrnn
1128 335 1191 404 177

592 507 688 578 XVII

183 625 323 699 Seruius
347 627 382 696 iu
404 627 489 696 Aen.
517 626 532 696 I
561 633 621 696 199
659 629 746 696 ‘tum
777 625 919 718 urdgus:
951 626 1035 696 bene
1064 625 1191 719 uulgus
1255 641 1259 650 ·

67 731 274 801 ductoribus
293 729 507 821 interemptis.
547 728 692 800 Ennius:
718 728 858 802 auium
877 729 1033 822 uulgus
1061 733 1095 799 et
1114 729 1191 800 alibi

66 835 296 904 hastarum
317 833 337 902 i.
354 855 383 903 e.
400 831 639 902 multitudinem
656 831 827 902 hastarum
840 834 874 902 et
887 832 1017 904 auium¹
1056 833 1192 904 auium

67 939 238 1030 uulgus
266 939 308 1006 et
335 935 550 1008 hastarum
574 935 676 1005 alibi
703 935 1013 1006 multitudinem
1042 939 1082 1005 et
1115 935 1192 1006 ha-

66 1045 236 1112 starum
257 1042 296 1110 et
316 1043 355 1108 ct
373 1040 509 1110 auium
526 1038 599 1108 eud.
613 1034 753 1110 cassen
773 1037 908 1109 auium
930 1063 963 1108 u.
982 1044 1023 1110 et
1044 1039 1191 1110 hastu-

68 1166 166 1214 rum
190 1144 212 1212 i.
234 1165 263 1214 e.
288 1141 595 1212 multitudinem
618 1141 650 1210 ln
675 1145 715 1212 et
737 1165 768 1212 a.
790 1141 907 1234 uulgo.
931 1143 1068 1212 auium
1092 1140 1191 1212 uul-

68 1269 156 1338 gus
191 1250 232 1316 et
263 1245 494 1317 hostiarum
532 1243 608 1337 [nil
640 1244 758 1315 iuuat
789 1244 1003 1316 humanum
1035 1243 1189 1339 genus]

69 1350 114 1420 H.
136 1350 303 1443 Ilbergius

581 1447 692 1520 XVIII

181 1566 370 1659 Porphyris
395 1567 429 1637 in
450 1566 531 1637 Hor.
552 1565 622 1636 Sat.
642 1566 656 1636 I
679 1577 706 1651 l,
731 1576 768 1638 61
798 1568 849 1636 ‘at
871 1566 958 1638 buna
979 1587 1058 1658 pars
1079 1564 1191 1639 humi-

70 1694 174 1742 num:
209 1672 315 1741 bona
340 1691 427 1740 nunc
456 1693 517 1762 pro
546 1691 670 1764 magna
695 1668 836 1754 dictum,
868 1673 905 1740 ut
934 1691 1036 1761 saepe
1064 1669 1190 1742 Ennius

72 1779 108 1844 et
132 1774 189 1846 alii
207 1775 359 1845 ueteres.²

596 1873 676 1944 XIX

183 1991 300 2063 Cicero
328 1991 370 2062 de
388 1995 456 2062 nat
480 1990 571 2060 deor.
600 1991 698 2074 1118,
718 1997 759 2058 49
787 1990 881 2060 ‘dum
907 1990 1019 2082 palato
1046 1989 1125 2082 quid
1148 1989 1190 2060 sit

75 2096 240 2187 optimum
266 2095 404 2165 indicat’
429 2092 652 2185 (Epicurus),
688 2093 810 2164 ‘caeli
840 2093 1041 2186 palatum,
1081 2096 1118 2162 ut
1145 2093 1190 2162 alt

76 2199 226 2285 Ennius,
253 2221 321 2269 uon
340 2197 512 2290 suspexit:
603 2297 668 2367 XX

182 2415 352 2487 Charisius
370 2415 384 2484 I
404 2439 436 2506 p.
458 2424 498 2486 99
517 2415 554 2485 Ρ.
580 2413 630 2502 (71
649 2413 757 2506 Lind.)
786 2412 1029 2483 ‘Cretenses
1051 2411 1188 2497 Ennius

74 2525 113 2591 ut
133 2519 246 2590 Varro
266 2518 320 2590 lib.
339 2519 445 2612 primo
468 2518 509 2590 de
530 2538 683 2588 sermone
706 2516 823 2587 Latino
846 2516 976 2586 scribit!

71 2835 74 2840 ,
182 2759 306 2830 Paulus
332 2757 422 2829 Festi
448 2774 480 2850 p:
506 2765 547 2829 68
571 2757 614 2826 M.
648 2755 876 2826 ‘daedalum
906 2750 1116 2824 euarietate‘
1134 2771 1192 2820 re·

76 2888 152 2936 rum
177 2861 456 2956 artificiorumque
480 2861 599 2930 dietam
628 2881 704 2930 esse
734 2859 822 2950 apud
845 2856 1031 2928 Lucretium
1059 2858 1190 2938 terram,

77 2969 168 3061 apud
192 2967 335 3038 Ennium
363 2967 604 3050 Mineruam,
633 2964 722 3054 apud
740 2961 928 3055 Vergilium
954 2958 1070 3031 Circen
1095 2958 1191 3028 facile

76 3076 129 3144 est
147 3071 359 3163 intellegere,
387 3092 461 3140 cum
480 3068 606 3139 Graece
626 3058 820 3138 δαιδάλλειν
840 3063 1006 3158 significet
1024 3062 1174 3134 uariare!

182 3309 329 3379 Achilles
357 3306 483 3378 Statius
514 3308 556 3377 ad
580 3203 697 3377 ΟξξιΙΙΙΙ.
726 3305 739 3375 l
769 3313 788 3374 9
822 3307 1011 3396 ‘petronam
1035 3301 1192 3371 MIner-

79 3436 182 3544 uam
199 3413 275 3484 dicit
300 3451 353 3463 -
376 3434 447 3482 eam
470 3433 552 3482 uero
573 3410 700 3481 Ennius
727 3413 766 3479 et
792 3407 995 3477 dominam
1020 3408 1061 3474 et
1084 3425 1193 3473 eram
1289 3491 1294 3504 .

80 3516 172 3586 drxrt.
436 3651 444 3673 Ι
583 3614 690 3686 xxlll

184 3719 322 3791 Seruius
338 3718 372 3788 in
390 3721 472 3790 Aen.
494 3718 555 3788 Xll
574 3727 635 3790 605
661 3718 785 3786 ‘llenus
803 3711 940 3783 Lauinia
956 3709 1079 3781 crines:
1103 3706 1193 3778 anti-

81 3848 148 3918 qua
174 3824 270 3894 lectio
297 3823 434 3892 florus
459 3821 572 3891 hebuit
601 3821 621 3891 i.
650 3843 679 3890 e.
707 3817 918 3902 florulentus,
952 3813 1125 3924 pulchros:
1160 3813 1193 3881 et

82 3933 132 3998 est
151 3949 262 3998 sermo
281 3925 471 3996 Ennianus!

580 4023 693 4095 XXIV

185 4131 324 4202 Senrius
343 4130 387 4200 'in
415 4129 499 4200 Aen.
526 4128 589 4198 Vll
618 4137 681 4200 804
714 4125 888 4194 ‘florentes
919 4140 995 4190 aere
1028 4120 1190 4188 cateruas.

83 4235 208 4409 EnEnius
231 4237 263 4305 et
280 4233 454 4304 Lueretius
477 4231 655 4302 florens’
676 4227 743 4320 (alii
760 4227 912 4312 llores3
935 4222 989 4398 all}
1009 4218 1191 4309 llorere)

147 4367 238 4411 rumve.
