2784 4940
447 969 847 1054 PRAEFATIO

179 1285 220 1368 Q.
247 1287 348 1352 Ennii
371 1289 497 1376 poesim
522 1309 582 1375 per
606 1287 781 1354 multorum
804 1289 906 1356 libros
936 1289 1118 1378 dispersam
1146 1287 1202 1375 qui

91 1406 127 1470 in
154 1427 256 1470 unum
279 1405 445 1492 conligere
472 1414 505 1471 et
532 1405 702 1472 emendate
725 1409 863 1496 scriptas
891 1407 1068 1496 particulas
1094 1407 1129 1472 in
1155 1406 1203 1470 in·
1256 1389 1263 1399 ¹

91 1523 245 1607 tegrioris
266 1523 410 1611 aliquam
423 1526 568 1611 corporis
581 1526 723 1612 speciem
741 1533 925 1591 restaurare
940 1525 1038 1592 hodie
1054 1546 1203 1613 suscepe-

92 1641 149 1724 rit,
172 1641 201 1704 is
222 1661 339 1707 uereor
353 1651 390 1708 ut
402 1646 553 1731 cuiquam
567 1652 622 1709 aut
636 1665 913 1731 superuacaneum
928 1641 1073 1710 laborem
1094 1640 1204 1707 subire
1294 1645 1299 1654 ‘

92 1767 150 1826 aut
175 1760 437 1845 intempestiuum
464 1761 627 1826 insumere
654 1784 786 1849 operam
812 1760 974 1827 uideatur.
1018 1761 1102 1827 Nam
1130 1785 1203 1828 cum

91 1888 206 1945 nostra
223 1878 352 1943 demum
373 1886 463 1944 aetas
485 1880 581 1946 etiam
596 1881 836 1964 remotissimis,
859 1903 942 1970 quae
964 1879 1020 1948 diu
1035 1882 1204 1969 neglectae
1244 1903 1255 1912 ·

28 2017 34 2024 ’
92 1999 259 2081 iacebant,
280 1997 461 2065 litterarum
481 1999 700 2066 Romanarum
721 1999 869 2089 partibus
891 2009 1077 2088 exoptatam
1097 2001 1204 2068 lucem

92 2115 253 2200 attulerit,
285 2122 355 2181 tum
384 2118 588 2205 superiorum
616 2118 717 2184 Ennii
749 2119 927 2185 editionum
958 2120 1018 2184 uix
1048 2119 1117 2184 ulla
1144 2127 1203 2203 est,

93 2256 178 2324 quae
200 2233 363 2300 desiderio
377 2233 487 2322 paullo
510 2239 667 2303 seueriori
690 2237 893 2303 satisfacere
912 2238 1027 2326 possit.
1070 2235 1204 2302 Etenim

93 2375 136 2419 ne
163 2353 242 2440 quid
266 2353 410 2440 iniquius
440 2352 481 2419 de
507 2353 802 2444 Stephanorum
829 2377 907 2421 cura
933 2355 1091 2439 iudicem,
1122 2375 1233 2443 quos,

94 2471 309 2560 conquirendi
343 2469 513 2538 Ennianos
551 2472 706 2561 reliquias
745 2475 874 2539 initium
909 2473 1029 2539 fecisse
1067 2480 1204 2557 constat,

92 2593 148 2657 uel
169 2590 241 2678 ipsa
265 2590 482 2658 Columnae
504 2590 679 2656 laudabilis
702 2591 864 2658 industria
884 2593 1020 2658 multum
1041 2591 1139 2676 aluit,
1168 2601 1206 2658 ut
1271 2641 1275 2650 r

93 2711 220 2792 omnia,
250 2729 333 2796 quae
362 2709 397 2773 in
418 2708 481 2775 hoc
501 2731 622 2796 genere
643 2712 803 2796 praestari
831 2709 986 2794 debeant,
1016 2709 1204 2776 confecerit.

92 2828 139 2894 Ni
159 2827 277 2892 mirum
298 2826 508 2914 interpretem
528 2837 596 2893 tam
614 2851 722 2895 rerum
742 2852 839 2917 quam
860 2828 1011 2895 dictionis
1033 2828 1205 2894 Ennianae

93 2968 153 3033 pro
174 2945 232 3012 illa
253 2944 385 3034 quidem
407 2954 513 3012 aetate
536 2949 668 3034 egregie
690 2971 725 3012 se
747 2949 865 3034 gessit,
895 2949 1042 3014 criticam
1064 2971 1205 3036 operam,

94 3087 160 3152 qua
180 3065 322 3130 maxime
344 3063 538 3152 indigebant
558 3064 593 3129 hi
613 3087 745 3150 uersus,
775 3087 890 3152 parum
916 3067 1040 3133 intente
1062 3068 1206 3151 nauauit,
1319 3039 1323 3047 .

94 3205 157 3248 nec
182 3183 253 3248 iere
287 3185 396 3270 attigit
428 3183 623 3272 disponendi
650 3205 689 3248 ac
714 3183 892 3271 probabili,
929 3206 993 3273 quo
1023 3185 1100 3252 olim
1128 3185 1207 3250 fuis-

94 3309 168 3368 sent
188 3302 317 3387 ordine,
348 3303 540 3369 conectendi
562 3303 747 3390 fragmenta
768 3301 922 3367 officium.
967 3303 1082 3393 Neque
1104 3306 1132 3370 is
1152 3306 1208 3393 qui

93 3421 272 3509 repetendo
303 3421 482 3488 Columnae
517 3421 602 3488 libro
637 3421 780 3509 praefuit
813 3419 1051 3507 Hesseliue,
1087 3444 1209 3488 nouare

96 3542 271 3636 quicquam
291 3542 326 3604 in
347 3541 489 3606 auctoris
512 3561 610 3629 opere
631 3540 787 3624 instituit3
811 3541 1070 3627 supplementum
1083 3548 1210 3606 tantum

94 3660 171 3724 huic
190 3680 296 3724 nouae
323 3657 459 3725 editioni
479 3658 589 3726 uarias
611 3658 811 3724 eruditorum
839 3661 874 3724 in
896 3657 1041 3725 Ennium
1062 3667 1155 3724 notas
1178 3666 1211 3723 et

96 3779 329 3864 castigationes
352 3778 501 3844 subiecit.

179 3893 316 3962 Praeter
341 3896 415 3963 illos
443 3906 552 3964 autem
574 3919 686 3980 nemo,
716 3915 799 3983 quae
825 3895 867 3962 de
888 3895 988 3960 Ennii
1011 3895 1210 3962 carminibus

95 4023 306 4103 supersunt,
332 4019 441 4090 omnia
463 4014 725 4106 comprehendit:
755 4015 813 4082 sed
830 4015 950 4102 tragici
973 4015 1120 4102 apicique
1135 4022 1211 4079 ‘tan-

94 4145 165 4201 tum
186 4135 317 4221 generis
339 4135 535 4226 particulae,
566 4135 601 4200 in
621 4134 702 4201 duos
727 4135 821 4221 quasi
842 4157 1018 4221 granorum
1040 4132 1210 4200 aoeruulos

94 4253 277 4338 conlectae,
315 4254 540 4321 tractabantur
571 4253 718 4319 seorsim.
773 4256 824 4320 Ac
856 4255 1046 4341 tragoediae
1081 4251 1211 4340 quidem

93 4369 259 4461 reliquiis,
286 4373 321 4440 in
348 4376 548 4462 tragicorum
569 4373 762 4438 Latinorum
784 4395 919 4461 corpore
947 4373 1103 4459 receptis,
1134 4369 1212 4436 olim
