2770 4946
534 374 894 436 TRAGOEDIARVM

680 545 714 614 V
726 545 743 582 ss

258 713 520 736 ........
548 687 642 736 mcac
662 663 730 734 tem
748 665 837 758 potis

192 775 230 837 10
256 764 352 836 Pacis
373 765 471 859 potiri

671 867 749 940 Vl*
777 904 780 916 ·

256 985 396 1072 Hector,
425 987 481 1082 qui
500 987 589 1059 haud
606 993 717 1062 cessat
737 988 943 1061 obsidionem
965 987 1130 1058 obducere

680 1127 744 1197 Vll

259 1241 333 1327 Quo
351 1244 440 1314 nuno
458 1242 583 1314 incerte
602 1267 639 1317 re
660 1248 759 1341 itque
781 1245 912 1316 inoralti
934 1244 1075 1338 gradum

255 1345 448 1438 Regre'dere
466 1348 612 1420 conare?

657 1483 764 1554 vm*

611 1603 806 1696 Eurypylus

255 1719 504 1809 OPriiricoles‚
533 1724 575 1794 od
600 1725 664 1795 uos
687 1722 869 1794 adueniens
892 1719 1052 1789 auxilium
1076 1719 1109 1788 ei
1132 1721 1274 1792 uestris

813 1844 931 1892 manus

189 1935 227 1998 15
254 1925 336 1996 Peto
370 1927 591 2021 priusquam
620 1929 744 2020 oppeto
773 1925 892 1996 malam
919 1929 1047 2016 pestem
1076 1923 1270 1994 mindoniam

813 2029 927 2099 hostili
946 2050 1054 2098 manu.
1128 2047 1131 2056 ’

150 2243 196 2288 eo,
216 2230 313 2292 iuquit,
334 2231 449 2296 ingenio'
469 2246 492 2280 c.
505 2246 530 2293 q.
541 2245 562 2280 e.
596 2233 694 2285 Nonius
708 2248 736 2299 p.
747 2224 807 2293 119,
818 2232 853 2283 26
873 2230 1069 2281 ‘inimicitia
1087 2242 1193 2277 numero
1211 2229 1269 2277 sin-

150 2298 243 2363 gulari.
265 2299 362 2349 Ennius
380 2301 436 2348 ...’
470 2299 551 2349 liuius
567 2301 617 2353 loci
632 2318 688 2354 csse
701 2311 729 2352 ut
743 2304 862 2368 proximo
876 2302 926 2352 duo
941 2301 1086 2366 suspicatus
1102 2303 1141 2347 est
1155 2295 1185 2346 0.
1202 2297 1269 2347 Rib-

149 2368 256 2418 beckins
327 2369 457 2419 VFestus
475 2384 502 2434 p.
520 2367 573 2422 360
587 2372 621 2423 Μ.
646 2374 759 2436 ‘antiqui
779 2380 841 2422 tom
860 2373 937 2422 etiam
954 2385 1001 2436 pro
1018 2376 1124 2419 tomen
1140 2368 1180 2416 nsi
1196 2375 1268 2426 snnt,

149 2446 233 2486 ut-
256 2437 366 2487 Ennius:
398 2439 458 2488 illae
481 2441 567 2489 mene’
599 2459 622 2491 e.
647 2458 672 2506 q.
695 2457 717 2490 s,
746 2441 890 2506 (Ennius
919 2439 1066 2489 Achille:
1086 2452 1175 2486 meuc
1195 2438 1266 2485 coni.

150 2505 179 2556 0.
203 2505 373 2572 Ribbeckiue)
442 2509 478 2558 Vl
500 2508 590 2559 Festus
610 2527 637 2576 p.
654 2510 703 2562 198
718 2512 752 2561 M.
784 2509 1000 2561 ‘obsidionem
1020 2509 1105 2574 potius
1127 2505 1268 2556 dicendum

148 2591 206 2626 esse
233 2590 309 2638 quem
332 2576 460 2627 obsidium
483 2577 588 2629 adiuuat
608 2594 654 2630 not
672 2582 817 2631 testimonio
839 2593 886 2629 suo
906 2579 1003 2629 Ennius
1027 2580 1053 2626 in
1072 2575 1211 2625 Telamone
1230 2603 1269 2612 —

148 2647 209 2696 item
229 2645 280 2696 olio
298 2646 366 2696 loco:
390 2645 496 2696 Hectcr'
522 2663 544 2697 e.
560 2664 585 2711 q.
599 2665 621 2698 s.
693 2651 742 2700 VH
762 2649 858 2699 Noniut
877 2663 903 2714 p.
919 2647 978 2707 166,
999 2649 1033 2698 22
1057 2643 1266 2710 ‘regrederc‚

148 2729 276 2766 reuocare.
303 2717 401 2765 Ennius
415 2715 516 2766 Achille
530 2719 577 2766 ...'
647 2718 708 2768 Vlll
731 2719 820 2770 Cicero
839 2719 915 2768 Tuso.
936 2717 1004 2783 disp.
1020 2718 1045 2766 II
1067 2715 1108 2775 16,
1129 2713 1163 2766 38
1188 2716 1267 2777 ‘quin

148 2786 225 2836 ctiam
242 2786 363 2836 uidemus
377 2797 411 2834 ex
431 2785 487 2836 noio
508 2785 594 2836 ellerri
606 2802 685 2854 saepe
700 2791 802 2839 saucios
885 2795 911 2836 ot
924 2800 986 2836 nero
1002 2785 1048 2836 iile
1066 2786 1221 2835 exercitatus
1241 2793 1268 2834 et

146 2861 221 2904 uetus
242 2854 274 2904 ob
296 2869 404 2918 eamque
422 2869 478 2904 rem
496 2853 586 2906 fortior
606 2857 734 2908 medicum
748 2858 823 2909 modo
842 2857 990 2920 requirens,
1015 2870 1031 2905 o
1053 2869 1103 2917 quo
1123 2853 1266 2920 obligetur,

147 2923 377 2984 oPotricoico‚
401 2924 496 2986 inquit,
516 2925 556 2978 nd
577 2940 636 2976 uos
655 2928 840 2978 adueniens
917 2925 1039 2977 cecedi.
1070 2924 1180 2974 Certe:
1200 2924 1266 2973 Eu-

147 2993 288 3058 rypylus
310 2993 363 3044 hic
386 2993 516 3056 quidem
536 3003 592 3045 cst.
627 2995 793 3047 Hominem
818 2995 1018 3046 exercitum!
1044 2993 1106 3043 Vbi
1132 2993 1265 3042 tandem

147 3063 259 3113 luctus
273 3063 453 3112 continuet.
478 3063 560 3114 Vide
573 3079 663 3128 quom
676 3081 739 3116 non
752 3065 929 3116 flebiliter
946 3062 1176 3128 respondeat,‘
1192 3061 1267 3128 (ubi

146 3138 270 3182 tontum
294 3131 404 3182 luctus
426 3134 642 3185 continuetur
666 3135 727 3186 libri
750 3136 875 3201 plerique.
906 3133 964 3183 ubi
988 3140 1116 3182 tontum
1141 3133 1266 3182 luctum

147 3201 362 3252 continuatus
383 3201 447 3267 fleg.
462 3200 528 3252 Gud.
559 3204 771 3256 ubitondem
790 3205 880 3254 luctu
895 3201 1135 3254 conturbetur?
1153 3202 1268 3252 Homi-

145 3285 216 3322 nem
235 3271 417 3322 exercitum
429 3271 506 3321 uide
525 3287 619 3334 quem
631 3287 657 3322 n.
673 3273 692 3324 1.
712 3274 913 3340 respondeat
934 3271 964 3322 6.
978 3267 1151 3334 Ribbeokiuo)
1171 3273 1265 3320 ‘retio-

145 3355 204 3392 nem
223 3339 300 3390 ctiam
322 3339 437 3401 adierat,
462 3355 507 3390 our
524 3356 606 3405 nequo
626 3342 711 3394 mimo
730 3345 781 3394 cibi
794 3343 928 3394 ferendum
948 3342 995 3391 sit:
1023 3342 1079 3404 qui
1099 3341 1203 3390 elteri

145 3516 238 3571 citiam
253 3521 340 3586 etque
355 3516 506 3573 amicitiam
520 3513 551 3572 0.
564 3514 737 3573 Ribbeckiut.
754 3517 903 3573 amicitiem
921 3516 977 3572 odo
993 3513 1169 3571 inimicitiam
1183 3515 1265 3570 Laid.

144 3600 237 3656 Nonii.
274 3599 425 3656 amicitiem
459 3607 542 3672 atquc
574 3601 746 3656 inimicitiam
772 3605 858 3658 ceteri
942 3603 1033 3656 ironic
1060 3599 1140 3656 Grut.
1168 3599 1263 3654 Poiot.

145 3685 225 3742 Gellii
329 3687 347 3742 9
365 3702 446 3741 meac
461 3691 517 3741 tam
534 3683 566 3742 0.
582 3685 753 3742 Ribbeoltius.
774 3687 839 3742 iliae
861 3701 943 3742 meae
955 3691 1013 3740 tarn
1026 3685 1087 3740 cod.
1115 3683 1154 3754 cf.
1171 3699 1263 3755 cupra

252 3775 285 3828 11
308 3771 355 3840 qui
378 3771 438 3826 cod.
464 3769 577 3841 quidem
600 3770 681 3842 oulyo
788 3776 822 3830 11
843 3778 925 3844 etque
948 3776 1055 3824 morata
1084 3767 1123 3823 W
1227 3773 1264 3826 lt

144 3859 225 3912 —15
246 3855 351 3925 tempti
361 3855 512 3910 secundum
529 3855 720 3910 munionem
739 3852 769 3910 O.
786 3855 944 3912 Ritocctcit:
967 3856 1047 3909 uncti
1061 3853 1170 3908 turim
1185 3853 1265 3908 omu-

144 3945 239 3995 tuntur
261 3941 290 3995 in
307 3939 400 4009 fibro:
427 3943 521 3995 cetero
539 3937 592 3994 hoc
608 3939 705 3994 ordine
721 3939 886 4011 uoluuntur.-
914 3939 1197 3998 141518101617

187 4028 221 4083 14
235 4023 388 4080 Patricoles
405 4025 475 4081 Grati.
490 4022 560 4095 Roy.
575 4023 719 4079 Patrocles
731 4023 820 4080 Bern.
836 4040 899 4082 cum
907 4025 1051 4095 plerisque
1159 4026 1192 4078 15
1209 4039 1262 4093 op·

141 4115 207 4182 peto
225 4108 297 4165 Gttd.
315 4108 402 4181 Rom,
419 4111 446 4164 oi
454 4108 527 4181 fidet
542 4107 667 4164 θιιιίιὶιηο
681 4108 817 4164 conlator-i
835 4113 862 4164 et
875 4109 1018 4179 Krorttpii
1031 4106 1151 4174 εἰὶθηὶίο,
1168 4106 1260 4176 pleri-

114 4209 117 4216 ·
142 4209 196 4266 que
215 4195 308 4249 ceteri.
331 4201 463 4266 oppetam
482 4193 572 4248 Bem.
587 4209 623 4246 m.
641 4193 688 4248 cit.
708 4207 781 4248 unus
802 4191 892 4250 Orocn.
914 4191 993 4248 beiti.
1013 4190 1083 4264 Rey.
1106 4190 1287 4254 secumdum„

145 4277 317 4354 Treyderum
1111 4311 1118 4320 -
