2770 4946
489 372 731 442 RELIQVIAE

629 537 647 574 ὴ

151 641 277 712 Plebis
295 641 327 710 in
346 641 410 712 hoc
427 642 500 734 regi
519 539 654 714 dutislht
673 642 765 712 loco:
792 642 868 712 licet

152 745 357 818 lacrumae
378 744 482 836 plebi,
500 744 576 838 rigi
595 745 735 818 honeste
754 746 821 818 aba
839 746 928 816 licet.

630 863 670 898 Η

150 964 337 1058 Postquam
366 966 427 1038 abs
452 969 501 1052 te,
536 863 761 1059 Agmemno,
796 965 832 1033 rit
860 963 1022 1050 uemrem,
1056 965 1165 1058 tetigit
1255 1017 1260 1032 l

615 1111 624 1142 r
712 1089 811 1138 aures
835 1067 979 1152 nuntius,

151 1169 343 1262 'Extemplo
365 1171 496 1242 edoliui
517 1172 662 1244 iussum:
690 1169 853 1242 concitum
874 1169 969 1240 tetuli
990 1171 1141 1262 gradum.

573 1289 648 1360 XlIl

533 1393 681 1464 Achilles

70 1499 124 1561 275
150 1492 424 1586 'Astrologorum
442 1498 541 1589 signa
559 1495 592 1566 in
611 1497 704 1568 caelo
722 1493 861 1586 quaesit,
887 1493 1052 1579 obserual,
1076 1495 1163 1564 louis

150 1594 235 1666 Crim
270 1619 370 1688 capra
405 1601 462 1668 aul
487 1621 582 1692 nepa
615 1601 673 1671 arii
705 1597 854 1716 exoritur
887 1597 997 1668 himen
1030 1597 1163 1690 aliquod

151 1799 250 1886 Quod
276 1806 327 1872 cst
349 1805 425 1872 ente
444 1804 565 1895 pedeS,
589 1803 684 1876 nemo
705 1700 849 1896 sbeelblbi:
876 1803 958 1873 caeli
977 1805 1165 1875 scrutantur

714 1909 845 1999 plagas.

62 2099 167 2176 omissis)
180 2104 241 2156 Tur.
267 2108 447 2157 subornare
461 2123 576 2178 uagam
591 2108 797 2176 iphigenianr
816 2107 934 2176 (relicuis
948 2107 1064 2172 omissis)
1078 2107 1162 2173 Opitz.

60 2181 86 2214 ru
105 2170 205 2224 altero
227 2176 303 2226 loco
323 2177 504 2228 subornare
523 2179 681 2244 Aesopum
705 2188 734 2230 et
754 2180 915 2230 Cimbrum
935 2179 969 2230 in
986 2179 1164 2244 Iphigenia

62 2247 187 2301 agentes
211 2245 491 2312 Agamemnonem
518 2257 546 2297 et
568 2248 742 2298 Menelaum
773 2258 832 2315 post
853 2249 1018 2299 Schuetzium
1037 2248 1163 2313 Berghius

63 2305 109 2354 lud.
135 2309 189 2361 lect.
208 2315 293 2366 Marb.
318 2325 382 2366 aest.
410 2317 476 2368 1844
498 2333 524 2383 p.
541 2317 604 2376 XV,
635 2320 678 2380 qui
700 2321 775 2370 etiam
791 2320 865 2368 Ennii
888 2320 1037 2386 iphigeniae
1061 2333 1163 2366 uersum

62 2377 168 2442 ascripsit
238 2385 276 2435 Xl
301 2387 468 2450 Hieronymus
490 2385 611 2452 Epitaph.
629 2385 765 2454 Nepotiani
785 2405 811 2454 p.
829 2387 971 2454 ossilago.
998 2387 1163 2454 ‘prudenter-

64 2457 104 2504 qua
116 2447 209 2501 Ennius
229 2455 349 2520 plebes
369 2457 404 2504 ait
422 2458 452 2505 in
467 2455 542 2505 hoo'
563 2473 584 2506 e.
603 2472 627 2519 q.
642 2473 662 2505 s.
690 2459 744 2508 Huc
759 2459 855 2507 rettulit
865 2458 988 2508 Columna
1057 2457 1104 2506 Xli
1122 2457 1163 2506 Ci-

64 2527 112 2563 rero
132 2519 449 2586 adalricumx11147,1
470 2530 703 2599 ‘posteaquam
725 2529 781 2578 abs
801 2536 843 2588 te,
872 2527 1082 2592 Agamemno,
1112 2541 1160 2575 non

63 2589 89 2659 tlt
104 2589 298 2664 uenirem.‚.
316 2596 402 2645 sedat
416 2595 554 2645 scriberem
571 2597 690 2661 tetigit
711 2613 807 2648 aures
826 2597 973 2656 nuntius,
995 2596 1162 2660 extemplo

65 2659 166 2707 instituta
183 2664 276 2724 omisi;
303 2680 334 2714 ea
348 2680 413 2727 quae
432 2666 457 2714 in
474 2665 592 2715 manibus
608 2665 749 2727 habebam,
769 2666 864 2726 abieci;
892 2665 978 2729 quod
996 2667 1161 2726 iusseras,

62 2721 201 2779 edolaui!
230 2734 348 2798 (aures
373 2770 401 2783 ..
424 2735 581 2784 instituta
602 2749 652 2786 orn.
672 2734 756 2800 Med.)
787 2737 842 2786 lino
862 2735 992 2785 reuocauit
1012 2735 1163 2784 Ladcwious

66 2789 128 2841 Auel.
143 2811 210 2850 scen.
226 2817 253 2868 p.
271 2805 302 2853 lb
317 2803 383 2853 conl.
401 2805 461 2853 Eur.
476 2805 561 2871 lphig.
574 2804 635 2856 633.
670 2805 709 2856 Gi.
726 2807 824 2856 Nouius
841 2821 868 2871 p.
883 2804 943 2866 448,
961 2805 992 2854 17
1013 2802 1163 2854 ‘edolare

65 2857 181 2917 fabrorum
196 2879 235 2920 est
249 2887 338 2923 uerum
357 2873 480 2934 uerbum,
501 2891 558 2924 eum
577 2875 739 2926 maronianum
760 2875 926 2941 conplanatur
946 2875 1079 2940 asperitas.
1116 2874 1162 2924 Vsl

65 2939 113 3009 tunt
128 2949 155 2984 eo
168 2937 293 2991 laudandi
308 2945 445 3008 scriptores
461 2945 596 2994 uetrrstatis
613 2945 689 2994 etiam
705 2946 738 2996 ad
752 2946 816 2996 alias
830 2945 942 2996 fabricas
957 2959 1049 2994 rerum.
1081 2945 1163 2994 Varro

64 2997 185 3056 Vrmaroo:
206 3027 265 3061 curn
279 3011 415 3078 Quintipor
429 3012 533 3064 Clodius
550 3021 588 3064 tot
602 3016 748 3066 comoedias
763 3017 818 3066 sine
836 3016 889 3065 ulla
903 3015 992 3065 fecerit
1005 3014 1090 3074 Musa,
1115 3029 1162 3080 ego

65 3076 264 3131 ¹1¹1111nlibcllum
281 3095 331 3131 non
354 3083 494 3145 edolem,
519 3091 552 3133 ut
576 3086 622 3132 ait
641 3085 792 3135 Enniusi'
825 3085 957 3136 Charisius
972 3085 1007 3134 IV
1026 3100 1051 3150 p.
1067 3083 1119 3134 248
1134 3086 1161 3134 P.

65 3135 119 3199 (165
131 3143 218 3213 Liud.)
245 3152 403 3216 ‘prosthesis
423 3162 475 3214 est,
495 3169 551 3204 oum
571 3155 670 3219 primae
683 3157 749 3221 parti
763 3155 881 3205 dictionis
894 3164 937 3206 aut
954 3155 1038 3204 littera
1055 3155 1164 3204 adicitur

67 3215 102 3254 aut
113 3211 215 3275 syllaba.
244 3220 341 3271 Littera
418 3222 531 3287 syllaba,
552 3231 593 3272 ute
614 3226 739 3274 concitum
752 3233 770 3273 t.
785 3241 810 3291 g.
832 3240 878 3292 pro
892 3224 957 3274 tuli.'
989 3225 1126 3274 Diomedes
1141 3225 1164 3272 11

66 3288 87 3336 l·
99 3279 145 3332 435
158 3285 186 3335 Ρ.
205 3291 367 3356 ‘prosthesis
387 3301 425 3342 est
441 3293 569 3358 appositio
587 3294 711 3356 quaedum
730 3295 763 3344 ad
782 3295 937 3360 principium
955 3295 1083 3344 dictionis.
1111 3293 1164 3343 Lit-

68 3349 174 3432 teraeo...
191 3361 321 3424 syllabae,
340 3369 380 3410 ut:
400 3364 526 3412 concitum
542 3371 560 3412 t.
575 3379 601 3428 g.
618 3378 664 3428 pro
678 3364 743 3413 tuli.’
773 3365 827 3414 Hoc
841 3365 991 3424 frustulum,
1013 3364 1107 3426 dequo
1121 3363 1164 3413 adi

69 3410 178 3502 Naehrum
195 3427 290 3495 Opuso.
305 3432 315 3479 1
329 3429 390 3490 3511,
409 3445 458 3482 nou
470 3433 556 3498 inepte
570 3447 628 3483 oum
641 3434 817 3499 superioribus
831 3435 951 3502 coniungi
964 3432 992 3483 0.
1008 3433 1164 3482 Ribbeckius

70 3497 154 3540 trasna
220 3499 280 3549 Xlll
300 3499 388 3550 Cicero
403 3501 435 3552 de
448 3517 475 3552 re
489 3518 515 3568 p.
532 3503 543 3552 I
559 3502 599 3562 18,
613 3502 647 3554 30
666 3503 726 3553 ‘illa
745 3503 777 3554 de
791 3503 927 3569 Iphigenia
942 3502 1064 3552 Achillis:
1084 3510 1164 3553 astro-

70 3592 262 3621 &-

101 3663 146 3722 271
168 3675 279 3732 antistat
296 3675 444 3744 Columna,
468 3677 506 3749 os.
523 3677 688 3734 Bitscheliua
701 3677 776 3735 Mus.
788 3679 886 3750 philol.
911 3675 972 3733 VII
987 3677 1039 3735 578
1053 3691 1095 3748 aq.
1114 3694 1163 3731 an-

69 3743 139 3802 testat
156 3759 235 3829 aolpo
327 3760 444 3830 Versum
470 3764 523 3820 273
543 3765 581 3817 ita
601 3769 631 3818 ut
653 3765 756 3834 scripsi
768 3765 916 3836 proposuit
938 3761 968 3817 0.
990 3761 1162 3825 Ribbeckr‘us,

66 3828 178 3925 1111141111
186 3839 347 3916 Meirwlriua
364 3846 421 3901 aid.
437 3847 508 3902 Ado.
519 3863 552 3918 p.
569 3847 636 3904 XV.
656 3853 840 3919 posteaquam
855 3850 906 3902 abs
925 3848 971 3902 ted
988 3845 1163 3918 Agamemno

70 3909 145 3983 leuga
157 3937 181 3976 a·
196 3943 223 3981 n.
240 3929 388 3996 walmes
401 3933 429 3985 in
444 3930 541 3987 Cistell.
559 3947 584 3986 c.
599 3935 618 3988 4
700 3935 755 3991 274
771 3935 910 4002 extemplo
926 3931 1038 3986 edolaui
1056 3931 1164 3984 iussum

73 3989 97 4084 ,θ’
108 3997 260 4069 Ithacam
344 4016 396 4072 275
412 4016 521 4086 quaesit
534 4016 722 4072 Heinrichius.
739 4017 807 4087 quid
823 4017 858 4073 sit
873 4017 933 4073 cod.
952 4017 1060 4087 quaerit
1070 4013 1164 4070 Moira
1179 4011 1193 4034 ⁹

72 4090 94 4128 ”⁸
104 4084 141 4178 id·
154 4105 206 4150 teo.
292 4106 439 4170 opseruat.¹
450 4099 531 4160 louis
542 4100 643 4156 naas.
659 4103 864 4157 obseruationis
876 4102 936 4164 cod.
1022 4101 1075 4160 rto
1090 4115 1163 4170 nepa

73 4155 157 4228 hasa,
170 4180 251 4253 nlupa
265 4183 325 4240 cod.
412 4186 507 4240 iumen
516 4184 705 4242 Heinrichiua.
722 4203 827 4243 numan
845 4187 906 4242 ood.
923 4201 1024 4242 nomen
1040 4185 1120 4256 culpo

107 4251 194 4356 belua}
208 4267 394 4324 Heaorchiaoe.
410 4270 556 4326 beluarum
569 4270 630 4326 cod.
