2784 4940
218 371 327 419 uxxrv
620 359 931 429 QVAESTlONES

219 529 329 606 plorat:
361 545 433 602 quoe
457 545 499 584 ure
518 527 633 600 fortuna
661 528 788 600 ferocem
816 529 954 585 Contudit.-
982 531 1092 602 mdrpuo
1118 531 1187 586 bello
1210 534 1324 604 conserit

219 639 318 695 acerbo
341 630 450 709 (Viti).

304 739 478 811 Quintum
506 734 683 793 decimum
712 734 886 794 annalem
916 735 985 794 olim
1014 737 1193 798 intellectum
1225 752 1271 800 est
1298 746 1321 800 in

220 848 318 926 primis
336 843 469 903 Fuluio
491 839 686 898 Nobiliori
706 840 830 900 dicatum
851 860 931 902 esse.
977 841 1065 902 Cuius
1087 842 1141 901 uiri
1163 844 1213 904 hio
1237 855 1320 923 poeta

221 953 343 1012 amicitia
366 947 516 1009 fruebatur
531 964 654 1023 eumque
674 947 701 1003 in
717 944 862 1006 Aetoliam
878 951 1030 1008 comitatus
1042 983 1043 986 =
1054 957 1099 1008 cst
1115 966 1172 1008 non
1186 951 1321 1012 militandi

221 1075 327 1132 causa,
347 1063 377 1115 ut
390 1053 496 1113 Gicero
515 1054 555 1112 ait
566 1051 644 1110 Buuti
663 1051 714 1127 211,
728 1053 767 1112 79
787 1061 816 1112 ct
839 1071 891 1132 pro
905 1055 1011 1114 Archia
1033 1057 1082 1132 ll,
1104 1056 1156 1131 27,
1176 1059 1232 1118 sed
1250 1060 1321 1136 quod

220 1162 339 1221 Fuluius
359 1159 503 1237 ingeniosi
526 1164 633 1236 poetae
655 1162 803 1220 consortio
825 1179 862 1220 nc
878 1163 953 1220 inter
967 1160 1089 1221 bellicas
1106 1163 1223 1240 quidem
1239 1181 1321 1224 occu·

222 1271 354 1347 pationes
378 1283 480 1326 carere
498 1264 599 1324 uoluit.
624 1263 727 1341 Neque
750 1273 844 1325 tamen
865 1267 893 1326 id
919 1265 1036 1328 Catonis
1058 1269 1233 1347 uituperium
1257 1272 1321 1330 eliu-

220 1376 272 1450 git,
290 1376 337 1452 qui
355 1381 430 1432 teste
445 1367 590 1430 Cicerone
604 1369 708 1448 (Tusc.
724 1370 798 1448 disp.
818 1369 876 1450 12)
892 1373 1064 1434 lucratione
1082 1386 1183 1436 contra
1196 1375 1322 1434 Fuluium

105 1501 108 1508 ¹
220 1478 316 1538 habita
333 1477 387 1553 (cl.
405 1475 532 1536 {litteras
544 1473 666 1552 Ephem.
685 1476 773 1552 antiq.
786 1475 910 1536 Darmst.
924 1498 950 1538 a.
971 1481 1050 1542 1840
1070 1500 1098 1560 p.
1112 1480 1190 1560 381)
1210 1483 1321 1560 publice

220 1603 284 1644 cum
299 1584 377 1660 quod
400 1589 504 1660 poetas
526 1582 657 1641 duxisset
675 1583 702 1640 in
722 1583 900 1660 prouinciam
922 1586 1120 1664 reprehendit.
1158 1587 1197 1645 At
1219 1587 1321 1646 Ennius

220 1692 312 1750 amico
332 1707 397 1764 suo,
417 1689 462 1748 oui
485 1689 570 1748 etiam
588 1690 732 1748 ciuitatem
745 1687 902 1755 Romanam
924 1702 1075 1770 acceptam
1097 1693 1263 1768 referebat,
1286 1696 1319 1751 in-

221 1797 357 1873 signioris
374 1795 466 1854 laudis
482 1805 692 1854 monumentum
710 1797 736 1854 in
750 1795 900 1856 annalibus
918 1801 1024 1876 posuit.
1068 1798 1111 1857 lta
1128 1800 1203 1856 euim
1221 1797 1320 1858 Cicero

221 1919 275 1980 pro
289 1901 396 1961 Archia
416 1901 446 1976 9,
470 1900 525 1960 22;
547 1913 576 1960 at
590 1909 630 1960 eis
644 1906 770 1960 laudibus
782 1913 857 1961 certe
875 1923 930 1963 nou
950 1908 1116 1978 solum'rpsc
1134 1911 1182 1980 qui
1195 1911 1321 1964 laudatur

220 2014 366 2067 sedetiam
382 2015 483 2083 populi
495 2013 616 2067 Romani
635 2026 734 2066 nomeu
752 2018 879 2067 ornatur.
922 2011 959 2066 In
982 2014 1088 2067 caelum
1107 2013 1189 2068 husus
1198 2030 1321 2084 proauus

223 2120 287 2175 Cato
308 2120 424 2174 tollitur:
453 2132 569 2189 mupnus
591 2116 676 2170 honos
691 2119 789 2188 populi
809 2118 931 2173 Romani
949 2119 1031 2174 rebus
1051 2120 1218 2192 udiunpitur.
1264 2120 1316 2174 Om-

220 2239 269 2278 nes
290 2225 406 2294 denique
432 2226 474 2279 itti
488 2223 622 2292 Maximi,
651 2223 794 2298 Marcelli,
821 2225 918 2280 Fuluii
943 2242 999 2280 uon
1026 2228 1086 2280 sine
1112 2229 1250 2281 communi
1272 2242 1316 2281 our-

220 2331 295 2384 m'um
324 2335 447 2386 nostrum
483 2333 565 2387 laude
599 2332 777 2386 decorantur.
828 2332 905 2402 Erpa
931 2332 1006 2386 illum
1034 2333 1082 2403 qui
1112 2332 1182 2386 haec
1212 2331 1319 2403 fecerat,

222 2436 362 2490 Rudinum
377 2437 515 2492 'homiuem
536 2450 563 2491 e.
583 2450 612 2508 q.
632 2449 669 2506 s,
692 2441 721 2490 et
738 2432 873 2492 Aurelius
889 2433 993 2491 Victor
1010 2433 1047 2492 de
1069 2435 1139 2492 uiris
1161 2433 1318 2492 inlustribus

222 2537 278 2596 52:
303 2536 357 2616 (hl.
381 2538 515 2618 Fuluius)
543 2545 640 2598 consul
660 2543 768 2598 Aetolos
796 2583 804 2597 .
828 2582 835 2597 .
859 2583 865 2596 .
888 2544 1005 2614 proeliis
1032 2543 1223 2615 frequentibus
1243 2545 1318 2598 uictos

221 2655 247 2704 et
272 2652 300 2704 iu
328 2649 504 2704 Ambraciam
534 2649 664 2719 oppidum
692 2656 801 2704 coactos
831 2652 858 2704 iu
884 2650 1045 2704 deditionem
1075 2652 1208 2721 aceepit.
1234 2689 1241 2704 .
1263 2690 1269 2702 .
1290 2650 1317 2703 de

221 2755 317 2826 quibus
345 2756 537 2826 lrrirmphauit:
574 2773 675 2828 quum
701 2755 892 2808 uictoriam
919 2770 1058 2826 perse
1093 2758 1317 2830 magnifieum

222 2863 255 2929 Q.
288 2863 423 2916 Ennius
449 2864 584 2917 amicus
611 2863 690 2916 eius
715 2862 852 2932 insipat
879 2861 985 2916 laude
1014 2862 1231 2918 celebrauit.
1280 2859 1316 2918 Ad

221 2964 295 3022 hanc
318 2971 427 3039 autem,
457 2980 531 3039 quae
555 2981 651 3021 rerum
680 2982 696 3022 a
718 2961 821 3020 Fuluio
846 2970 994 3036 gestarum
1017 2963 1245 3052 luculentissima
1264 2966 1316 3037 luit,

222 3069 403 3129 obsidionem
422 3069 605 3144 Ambraciae,
628 3069 664 3128 de
688 3087 743 3146 qua
764 3068 810 3128 adi
828 3068 936 3127 Liuium
957 3067 1109 3129 xxxviii
1129 3069 1258 3146 3-11,
1281 3089 1317 3128 re·

223 3176 287 3235 iero
313 3193 387 3252 quae
421 3176 456 3234 ad
486 3175 561 3234 hunc
592 3176 723 3234 annalem
746 3176 869 3254 ascripsi
897 3173 1058 3250 fragmenta
1088 3179 1182 3236 omnia
1210 3187 1317 3255 praeter

223 3285 360 3360 quintum,
377 3283 487 3359 dequo
504 3281 672 3359 quaerendo
691 3279 760 3338 nihil
777 3280 959 3355 inuestigaui.
1004 3281 1050 3339 Ac
1070 3282 1106 3341 de
1121 3283 1133 3342 1
1155 3293 1185 3342 et
1203 3284 1229 3342 ll
1250 3285 1317 3359 lrag·

223 3390 326 3448 mentis
339 3387 411 3446 Liuii
435 3405 519 3465 quam
541 3387 701 3463 significaui
724 3386 850 3444 narratio
866 3384 997 3444 dubitare
1020 3404 1078 3444 non
1095 3389 1171 3448 sinit.
1218 3391 1261 3450 De
1275 3388 1317 3462 lll,

224 3515 240 3555 a
264 3511 321 3573 quo
342 3495 382 3553 lv
403 3503 432 3552 ut
455 3493 527 3552 inlra
551 3493 644 3552 dicam
667 3509 725 3550 non
747 3491 835 3552 debet
856 3490 972 3565 diuelli,
995 3510 1044 3550 res
1069 3501 1115 3550 est
1131 3511 1168 3553 eo
1191 3496 1319 3554 incertior

191 3642 197 3650 -
224 3600 301 3680 quod
323 3599 501 3674 Histrorum,
531 3615 604 3677 quos
627 3597 792 3658 Macrobius
815 3597 875 3656 Sat.
898 3595 939 3654 Vl
962 3595 981 3654 2
1003 3616 1031 3676 p.
1055 3597 1116 3656 514
1137 3602 1203 3660 lan.
1224 3601 1318 3673 adlcrt,

223 3727 318 3786 neque
333 3709 361 3765 in
377 3707 440 3764 eius
456 3705 534 3764 urbis
551 3704 769 3782 oppugnatione
790 3720 845 3761 nec
862 3705 976 3761 omnino
995 3705 1023 3761 in
1038 3703 1095 3762 hoc
1111 3702 1206 3761 annali
1222 3702 1317 3760 mentio

223 3833 290 3873 esse
320 3813 422 3890 potuit.
467 3809 505 3870 At
534 3829 597 3869 cum
623 3829 671 3869 res
697 3810 760 3886 ipsa
779 3826 864 3885 quam
885 3805 1051 3867 Macrobius
1081 3809 1173 3867 relert
1196 3823 1319 3885 quaeque

224 3921 336 3998 planius
357 3937 377 3977 e
397 3916 531 3993 Vergilio
556 3915 647 3993 (Aen.
671 3913 712 3974 lX
739 3910 815 3994 672)
838 3913 990 3992 dispicitur
1009 3913 1138 3992 adprime
1158 3913 1187 3970 in
1209 3912 1319 3971 Ambra·

225 4027 288 4084 ciae
311 4021 492 4082 ohsidionem
515 4025 667 4082 conueniat
698 4019 753 4096 (01.
776 4019 871 4078 Liuius
895 4019 914 4077 l.
937 4019 957 4078 1.
982 4021 1018 4094 6,
1043 4019 1097 4079 nisi
1120 4017 1198 4096 quod
1227 4012 1264 4076 ibi
1286 4018 1319 4074 ni-

222 4129 262 4188 hil
291 4130 327 4188 de
356 4129 494 4204 singulari
525 4126 645 4186 duorum
678 4126 867 4203 eruptione),
899 4143 1047 4184 numerum
1081 4125 1197 4202 quidem
1226 4123 1320 4183 librla

223 4235 373 4297 Macrobio
391 4233 516 4295 adlatum
535 4251 635 4294 uerum
657 4232 797 4310 arbitror,
827 4247 957 4290 errorem
980 4239 1075 4290 autem
1096 4229 1187 4310 ipsius
1208 4236 1239 4286 ut
1260 4215 1320 4308 puto
