2784 4940
219 369 333 416 xxvru
618 355 926 426 QVAESTtONES

216 527 281 588 lan.
307 544 369 586 cum
392 525 475 586 Ennii
497 542 585 585 uersu
604 523 679 584 bunc
705 541 791 604 quem
813 521 962 601 Vergilius
984 529 1014 582 et
1041 521 1116 582 Aen.
1141 521 1184 582 tv
1210 519 1273 582 482
1296 529 1320 580 et

217 631 257 692 Vl
279 632 341 693 797
363 633 400 693 de
422 632 538 694 Atlante
566 628 669 692 extulit
690 647 775 688 αοειο
798 645 893 690 umero
922 638 1029 706 torquet
1055 635 1140 690 eteltr'e
1165 633 1320 689 ardentibus

217 749 311 815 aptum
343 740 521 818 composuit:
556 740 583 798 ni
610 739 709 798 mirum
737 735 789 798 ille
818 747 968 798 extremae
995 746 1100 798 tantum
1129 745 1159 796 et
1191 735 1263 796 alibi
1289 733 1319 794 ab

216 846 309 908 Ennio
348 847 493 907 adhibitae
532 846 685 906 locutionis
724 849 806 904 stede
835 847 1003 922 scalpentibus
1034 843 1114 920 (siue
1146 842 1319 919 ardentiora)

215 963 311 1030 aptum
333 954 473 1013 rationem
495 950 602 1012 babuit.
626 949 730 1029 Neque
748 958 844 1010 tamen
866 952 1000 1030 quoniam
1022 950 1122 1012 louem
1141 960 1255 1011 tantum
1269 967 1318 1008 non

217 1061 373 1141 oportebat
402 1061 437 1120 ab
466 1059 576 1120 Aenea¹
593 1058 720 1132 laudari,
753 1051 820 1118 ideo
850 1065 895 1118 est
921 1067 951 1117 ut
979 1058 1045 1119 binc
1074 1077 1193 1118 uersum
1227 1058 1318 1118 iubeas

217 1168 348 1229 exulare.
392 1167 430 1227 At
457 1185 527 1226 uero
550 1165 674 1226 Atlantis
704 1181 822 1244 quoque
848 1164 979 1225 Aeneam
1007 1167 1183 1227 mentionem
1216 1166 1356 1226 iecisse

215 1274 364 1352 Vergilius
387 1274 472 1333 iidem
495 1273 578 1332 iacit:
608 1281 638 1330 ut
659 1271 716 1332 buc
737 1281 819 1332 recte
848 1272 1034 1350 ascripserim
1054 1274 1149 1334 Seruii
1178 1273 1227 1352 (in
1250 1273 1316 1332 Aen.

215 1381 318 1442 1741.
335 1379 465 1460 walo)
488 1379 524 1438 de
541 1378 717 1453 Telamone,
741 1378 866 1438 Atlantis
889 1379 1166 1458 nommellomano
1193 1381 1356 1441 testimo·

216 1506 290 1548 mum
303 1487 469 1566 (XXVlll)
492 1486 556 1546 Hoc
568 1505 642 1546 enum
654 1484 775 1547 Ennium
787 1503 840 1546 suo
851 1503 932 1546 more
936 1504 1042 1566 quem
1054 1506 1142 1568 supra
1155 1489 1255 1568 tetigi
1268 1497 1315 1548 sta·

215 1597 264 1656 tim
288 1596 316 1655 in
340 1596 430 1674 prima
445 1594 569 1654 Atlantis
588 1591 785 1672 adpellatione
806 1592 959 1672 probabile
978 1603 1024 1654 est
1037 1595 1196 1656 adiecisse.
1234 1594 1316 1670 Frag-

215 1713 310 1762 mento
332 1701 415 1762 XXX
435 1703 512 1782 quod
534 1703 600 1762 item
622 1699 742 1760 Aeneae
765 1699 854 1760 uerba
876 1702 1017 1761 contineri
1037 1701 1171 1780 Vergilio
1196 1702 1315 1763 conlisus

215 1811 315 1885 statui,
340 1817 474 1888 poterant
495 1808 545 1868 illa
569 1825 663 1886 aeque
686 1807 762 1868 bene
786 1808 823 1868 ab
851 1807 966 1869 Albano
994 1828 1066 1887 rege
1095 1810 1212 1869 elierri:
1247 1806 1313 1886 apud

214 1917 384 1992 Dionysium
400 1916 514 1996 quidem
526 1914 618 1975 llalic.
632 1914 729 1993 Auliq.
743 1912 827 1975 Rom.
843 1913 912 1976 158
930 1934 959 1996 p.
975 1914 1313 1987 transmutationem

214 2025 288 2084 banc
311 2023 395 2084 Ennii
425 2023 523 2082 uersui
552 2021 722 2082 simillimam
750 2024 937 2084 seutentiam·
967 2025 1076 2098 πίστεις
1102 2013 1220 2085 rodomo
1244 2013 1314 2095 ἀξιοῖ

214 2131 318 2192 δοῦναι
340 2128 389 2190 καὶ
416 2131 532 2210 λαβεῖν,
555 2129 589 2188 οἳ
614 2121 796 2206 φυλάξουσιν
822 2119 896 2208 ἡμῖν
921 2123 1048 2205 ἀδόλους
1080 2120 1133 2202 τὰς
1164 2121 1312 2208 ὁμολογίας

213 2237 349 2316 loquitur.
395 2235 440 2296 Ad
463 2235 583 2296 Aeneae
613 2253 670 2295 non
693 2236 844 2296 admodum
866 2237 985 2298 breuem
1008 2237 1225 2316 expositionem
1246 2251 1356 2332 quae

213 2362 266 2403 rex
283 2343 376 2404 Albae
398 2344 582 2422 responderit
604 2344 764 2403 nescimus:
789 2345 932 2421 praemitti
951 2344 978 2404 ci
998 2361 1142 2423 responso
1164 2345 1202 2405 ir.
1223 2335 1356 2402 XXXl

213 2450 341 2526 uidetur,
372 2451 449 2529 quo'd
470 2458 564 2510 tamen
586 2451 673 2512 facile
703 2449 861 2510 concedam
886 2451 970 2510 etiam
999 2450 1067 2511 alibi
1094 2460 1190 2531 aptam
1219 2449 1309 2510 sedem

212 2555 341 2616 nancisci
371 2557 518 2634 potuisse,
549 2556 629 2617 uelut
651 2557 721 2617 illud
750 2575 807 2616 non
836 2559 963 2637 ineptum
992 2567 1053 2635 est,
1081 2558 1158 2638 quod
1189 2557 1308 2618 editores

213 2679 250 2722 eo
265 2662 513 2731 uersuAmulium
532 2661 680 2739 designari
698 2663 861 2724 uoluerunt.
919 2664 964 2725 Ad
981 2664 1101 2725 Aeneae
1114 2683 1235 2742 regnum
1251 2677 1307 2741 per·

210 2770 282 2828 tinet
301 2769 480 2829 hauddubie
504 2770 539 2830 ir.
565 2767 692 2845 XXXll,
722 2787 892 2850 quamquam
915 2781 1037 2850 propter
1065 2777 1205 2849 quondm
1227 2765 1305 2848 parti-

211 2877 305 2937 culam
333 2893 397 2935 cum
424 2875 459 2935 ir.
491 2873 569 2934 XXl
598 2873 680 2935 XXll
710 2879 824 2937 conecti
854 2896 911 2938 non
938 2879 1045 2940 debuit
1092 2877 1156 2952 Qua
1185 2896 1218 2937 re
1248 2887 1304 2934 cun

211 2982 319 3041 certius
340 2969 417 3060 quid
430 2982 467 3042 de
489 2981 557 3042 loco
578 2982 732 3060 fragmenti
753 2984 944 3046 coniectando
966 3001 1024 3044 non
1046 2986 1187 3060 emerim,
1215 2985 1243 3042 in
1263 2996 1305 3038 ex·

196 3095 302 3170 ,trema
324 3087 362 3148 de
384 3087 487 3150 Aenea
507 3091 672 3150 narratione
694 3092 826 3170 adposui
907 3088 1037 3151 Aeneae.
1050 3091 1159 3152 obitum
1180 3088 1356 3166 tetigisse

194 3201 327 3274 'po‘e‘tam
347 3205 377 3255 ut
393 3194 549 3275 probabile
563 3205 618 3271 est
640 3197 678 3257 ita
698 3216 756 3277 quo
772 3199 836 3258 lere
852 3197 1166 3276 modoeumtetigerit‚
1188 3189 1356 3256 eSeruii
1355 3223 1356 3234 ι

211 3302 255 3379 (in
271 3300 346 3362 Aeu.
370 3302 409 3362 Vl
426 3303 503 3383 778)
522 3305 686 3363 testimonio
704 3305 842 3380 discitur,
866 3306 914 3383 qui
927 3304 1055 3366 Aeneam
1070 3321 1138 3365 esse
1152 3304 1226 3362 inter
1241 3299 1304 3359 deos

209 3409 379 3500 translatum
389 3409 535 3488 perbibuit
553 3408 720 3491 (XXXlll).
759 3411 856 3490 Atque
871 3411 999 3487 Aeneas,
1021 3421 1051 3471 ut
1067 3429 1104 3472 ex
1116 3409 1187 3470 lliae
1203 3403 1303 3469 somnio
1355 3391 1356 3428 ³

113 3507 118 3528 ⁴
209 3517 276 3595 (45.
299 3515 356 3596 48)
376 3516 541 3594 conligitur,
566 3526 632 3577 ante
650 3518 795 3576 ineuntem
808 3517 870 3576 eius
893 3517 1082 3578 calamitatem
1105 3526 1233 3577 mortuus
1255 3517 1302 3570 est·
1355 3573 1356 3576 ,

291 3624 392 3705 ltaque
408 3625 524 3685 deuenit
538 3625 695 3704 disputatio
711 3623 851 3699 odiliam,
868 3642 952 3702 quam
969 3626 1044 3703 apud
1060 3624 1181 3684 Ennium
1192 3624 1301 3683 Aeneae

207 3741 322 3809 gnatam
344 3732 435 3792 luisse
457 3749 513 3792 uon
536 3732 634 3794 fallaci
657 3731 751 3791 Seruii
774 3731 939 3791 testimonio
963 3738 1077 3790 constat
1106 3731 1150 3808 (in
1172 3729 1244 3788 Aen.
1268 3717 1301 3780 Vl
1355 3809 1356 3816 ἵ

208 3837 302 3917 778);
325 3843 390 3898 dicit
413 3858 533 3918 nomque
554 3838 695 3919 (Ennius)
719 3841 802 3898 Ilium
827 3842 917 3916 fuisse
933 3843 1022 3914 filiam
1046 3841 1172 3901 Aeneoee
1194 3831 1303 3913 quodsi

206 3955 254 4020 eet,
279 3950 387 4006 Aeaeos
409 3966 481 4006 onus
502 3956 543 4006 eet
567 3950 687 4007 Romuli.
741 3945 787 4006 lle
812 3961 870 4025 quo
901 3945 1066 4004 testimonio
1089 3950 1211 4021 propter
1237 3935 1302 4016 quod
1355 3963 1356 3976 ι

204 4059 231 4112 ei
257 4062 297 4112 eet
317 4052 492 4113 locutionem
508 4051 684 4113 addubitauit
702 4045 910 4131 Schwegleru's
927 4051 1014 4130 (llist.
1032 4051 1116 4111 llom.
1139 4048 1152 4108 l
1173 4067 1202 4128 p.
1219 4041 1299 4118 ddlli

204 4176 240 4218 an
262 4158 442 4238 exploratam
456 4177 518 4219 rem
537 4159 657 4219 Seruius
681 4159 796 4239 prodat,
819 4177 854 4220 ac
869 4160 1035 4238 noupotius
1053 4159 1102 4218 illa
1124 4175 1161 4216 ex
1175 4153 1297 4227 ambiguo

204 4263 289 4324 Euuii
311 4266 390 4328 dicto
413 4282 466 4326 suo
488 4265 621 4345 periculo
650 4266 836 4326 concluserit.
882 4264 947 4326 Non
971 4266 1051 4340 iure,
1077 4266 1101 4324 si
1123 4263 1191 4344 quid
1211 4258 1297 4321 uideo·
