2784 4940
210 367 320 415 Lxxvl
591 358 903 426 Qvuustluuus

297 521 377 598 Ergo
400 523 476 582 iuter
490 524 629 583 Deultum
651 522 737 581 iortia
760 524 836 582 iacta
862 523 958 581 locum
979 522 1132 582 habuerint
1151 523 1225 582 haee
1246 541 1317 600 quae

213 649 229 688 e
260 627 465 689 certaminibus
496 627 647 706 desumpta
673 629 805 688 uidentur
832 630 992 704 fragmenta
1019 628 1067 687 lll.
1098 629 1147 688 tv.
1175 629 1212 687 V.
1260 630 1317 688 Nec
1375 661 1376 670 κ

211 745 307 796 tamen
334 734 409 792 huuc
433 735 577 809 integrum
602 733 706 792 librum
732 743 820 813 poeta
847 734 1004 794 Dentribus
1033 735 1179 812 inpendit,
1213 737 1242 794 in
1265 754 1317 815 quc

212 842 260 900 uel
283 859 300 898 e
324 839 449 918 Philippi
479 847 608 898 extrema
633 843 691 899 uita
717 841 859 918 quaedam
884 839 981 899 habita
1008 841 1101 899 fuisse
1128 840 1175 900 hic
1206 861 1315 915 uersus,

212 947 354 1024 siquidem
382 953 464 1004 recte
493 946 661 1020 emendaui,
690 965 758 1022 qums
778 951 825 1005 ubi
844 965 899 1005 rec
921 953 1040 1021 populos
1059 955 1155 1021 spexit
1176 954 1212 1007 de
1234 957 1317 1008 ceriti-

212 1059 262 1114 bus
282 1059 361 1112 celsis
382 1051 454 1129 (tx)
478 1051 654 1111 documento
674 1061 727 1111 est.
772 1051 885 1126 Regem
908 1051 982 1111 enim
998 1052 1161 1131 Philippum
1178 1056 1261 1132 dicit,
1285 1055 1316 1113 de

211 1177 269 1238 quu
298 1158 372 1216 haec
401 1157 496 1216 Liuius
519 1156 568 1216 XL
591 1157 628 1216 21
660 1166 771 1218 narrat:
802 1164 901 1233 cupido
923 1180 983 1219 eom
1006 1171 1123 1236 ceperat
1143 1169 1172 1220 in
1192 1169 1318 1222 soricen

210 1271 312 1326 Haemi
332 1271 429 1324 montis
450 1269 625 1338 ascendendi,
644 1270 708 1340 quia
724 1270 853 1340 richetae
871 1272 993 1341 opinioni
1005 1273 1163 1328 crediderat
1178 1274 1317 1329 Ponticum

209 1379 290 1432 simed
311 1381 338 1430 et
358 1375 530 1430 Adriaticum
546 1390 624 1428 mare
646 1381 672 1428 et
681 1373 808 1428 Histrum
826 1389 934 1428 omnem
952 1383 978 1428 et
990 1375 1077 1445 Alpes
1090 1381 1217 1448 conspici
1225 1395 1319 1449 posse.-

208 1485 328 1540 subiccto
350 1482 435 1537 nunriis
459 1497 493 1536 ea
521 1481 598 1536 houd
613 1483 703 1550 perui
725 1480 778 1534 sibi
799 1483 926 1534 momenti
948 1480 1048 1550 futuro
1075 1485 1115 1536 ad
1134 1487 1319 1555 cogitationem

210 1591 331 1646 Romani
347 1589 415 1646 belli.
454 1581 498 1641 Ac
520 1583 590 1640 licet
612 1580 707 1640 Liuius
730 1581 748 1639 l.
763 1580 781 1638 l.
800 1579 840 1638 22
862 1584 931 1640 nihil
953 1581 1029 1640 dicat
1051 1589 1181 1659 culqolae
1203 1593 1320 1661 opinioni
1372 1648 1373 1652 ,

208 1698 332 1768 depressi
352 1695 414 1748 inde
435 1693 632 1758 detruserunt,
665 1693 751 1762 mapr's
769 1692 853 1745 credo
882 1706 916 1744 oe
937 1693 1046 1746 tennitas
1073 1695 1179 1748 itineris
1208 1697 1318 1750 ludibrio

208 1808 278 1856 esset
307 1817 390 1870 quom
417 1798 490 1868 quod
517 1799 629 1852 diuerso
656 1799 728 1850 iuter
754 1810 785 1849 se
812 1799 902 1850 mario
931 1803 1086 1869 montesque
1112 1804 1139 1852 et
1164 1817 1264 1856 amnes
1287 1817 1319 1854 ec

209 1924 263 1962 erno
289 1907 347 1960 loco
373 1908 498 1978 conspici
517 1907 672 1977 potuerint,
701 1907 795 1956 tamen
823 1897 890 1956 nihil
914 1898 1038 1975 inpedit,
1072 1917 1129 1978 quc
1149 1904 1246 1960 miuus
1267 1901 1317 1960 llu-

209 2009 283 2065 nium
300 2007 451 2066 credamus
468 2004 623 2076 cecinisse,
648 2003 782 2081 Phiiippo
798 2021 958 2080 remquam
977 2015 1131 2082 expeteret
1147 2010 1315 2084 contigisse.

209 2113 334 2172 Adiunxi
344 2113 417 2171 huie
441 2111 534 2168 statim
559 2117 658 2167 cetera
682 2127 757 2187 quae
778 2109 813 2168 ad
829 2108 989 2187 Philippum
1005 2113 1144 2171 attineant
1158 2114 1316 2190 fragmenta

209 2217 244 2276 X.
267 2216 317 2275 Xl.
342 2215 405 2274 Xll.
451 2215 572 2275 Duobus
605 2215 678 2273 euim
710 2217 790 2274 annis
820 2223 887 2294 post
913 2237 939 2276 a.
968 2237 995 2276 u.
1027 2237 1053 2277 c.
1079 2217 1141 2276 573
1171 2218 1315 2298 Philippus

209 2325 307 2398 senio,
336 2331 365 2382 ut
394 2322 491 2381 Liuius
513 2323 551 2380 ait
575 2321 594 2379 l.
618 2321 636 2379 l.
659 2321 718 2395 54,
747 2330 777 2379 et
805 2339 938 2382 maerore
962 2331 1150 2401 consumptus
1174 2324 1314 2385 decessit:

208 2449 263 2508 qua
289 2430 506 2507 opportunitate
537 2435 624 2505 poeta
653 2435 682 2484 et
708 2428 889 2504 superiorem
916 2432 995 2506 regis
1015 2431 1102 2489 uitam
1125 2431 1242 2506 attingit
1264 2430 1314 2507 (X)

209 2544 238 2592 et
262 2534 398 2612 exemplo
421 2533 457 2593 ab
479 2535 543 2593 unni
566 2532 707 2592 aetatibus
730 2535 856 2610 repetito
879 2533 965 2614 (llll)
992 2536 1124 2594 inlustrat
1145 2536 1218 2594 illud
1246 2533 1315 2613 quud

207 2641 276 2700 dicit
299 2653 364 2716 post
392 2649 480 2699 aetate
502 2645 596 2714 pigre!
618 2641 750 2712 subferre
775 2643 895 2697 laborem
922 2638 1004 2718 (xl).
1048 2638 1233 2717 Fragmentis
1259 2639 1314 2698 Vll.

207 2746 273 2805 Vlll
294 2746 404 2823 Hugius
424 2745 542 2804 Fabium
557 2742 709 2802 Maximum
732 2743 878 2820 designari
899 2747 1038 2821 cogitauit
1055 2746 1147 2822 (conl.
1167 2743 1315 2804 Ciceronis

207 2849 319 2909 Catone
339 2853 448 2910 maiore
464 2853 495 2925 4,
517 2850 573 2909 10;
596 2853 664 2907 detto
677 2854 791 2925 gerebat
802 2860 832 2908 nt
845 2850 1094 2923 odolescens‚'cnm
1103 2857 1192 2927 plone
1205 2857 1315 2928 grundis

207 2965 305 3027 esseut·
337 2975 421 3035 quem
448 2964 536 3034 potita
565 2957 656 3015 relata
687 2955 833 3032 Scipionis
862 2968 956 3017 morte
985 2968 1025 3031 (a.
1045 2979 1072 3018 n.
1098 2977 1123 3018 c.
1148 2959 1211 3018 569
1244 2957 1313 3018 eoul.

207 3185 272 3225 nem
297 3167 461 3226 asciuisset.
512 3168 580 3247 lpse
609 3169 676 3228 olim
699 3167 955 3244 Philopoemenem
989 3148 1096 3227 clarum
1131 3169 1311 3230 Achaeorum

207 3274 310 3333 ducem
339 3274 526 3351 suspicabar,
562 3291 617 3331 uec
643 3291 717 3331 nunc
744 3275 871 3350 paenitet
897 3273 1084 3348 suspitionis:
1116 3293 1202 3353 quem
1231 3274 1311 3336 lacile

207 3384 319 3438 ‘ratum
347 3381 374 3437 iu
404 3381 535 3457 regimen
563 3377 693 3456 bellique
722 3380 844 3456 peritum
868 3383 986 3436 seuem’
1018 3383 1157 3440 nominari
1185 3385 1309 3459 potuisse

208 3488 374 3547 concedes:
399 3488 476 3548 conl.
499 3486 579 3546 Liuio
603 3482 726 3541 XXXIX
747 3484 797 3542 49.
1261 3480 1264 3485 ’

293 3593 416 3654 Ceteras
445 3592 528 3651 huius
556 3590 620 3649 libri
643 3589 781 3667 reliquias
804 3590 878 3647 iuter
901 3592 1056 3650 certamina
1079 3601 1143 3649 c'um
1164 3591 1309 3669 Liguribus

208 3703 359 3761 commissa
380 3709 408 3758 et
424 3697 517 3756 Fuluii
533 3695 632 3755 Flacci
656 3713 705 3753 res
723 3697 751 3753 iu
768 3692 923 3752 Celtiberis
942 3705 1041 3772 gestas
1057 3695 1208 3756 distribuo.
1239 3697 1309 3771 Quas

206 3825 255 3866 res
278 3825 336 3883 quo
358 3806 560 3875 inlustrarem,
584 3820 600 3860 e
623 3800 705 3860 Liuio
728 3800 776 3860 XL
797 3798 915 3859 25-31
950 3801 1032 3860 hausi
1056 3820 1131 3880 quae
1149 3801 1208 3860 huc
1230 3802 1309 3882 perti-

206 3930 277 3971 nere
304 3910 479 3969 uiderentur.
531 3907 611 3982 llrgo
638 3907 669 3965 L.
700 3907 841 3966 Aemilius
868 3905 975 3974 Paulus
1008 3909 1151 3986 principio
1180 3912 1258 3968 ueris
1287 3927 1308 3965 a.

206 4017 264 4076 571
298 4018 325 4073 in
347 4015 468 4091 Ligures
497 4013 642 4090 Ingaunos
671 4011 780 4071 induxit
808 4012 985 4070 exereitum:
1020 4014 1047 4070 in
1065 4011 1190 4074 hostium
1214 3997 1308 4081 linibus

206 4130 300 4181 castra
322 4123 419 4199 posuit
435 4137 528 4197 prope
546 4137 561 4177 a
580 4117 737 4176 montibus:
761 4117 883 4194 Ligures
901 4126 996 4176 autem
1009 4129 1072 4192 post
1089 4139 1135 4179 ecs
1149 4126 1226 4194 ipsos
1241 4137 1307 4178 mon-

205 4239 243 4286 tes
325 4231 449 4284 eoeercitu
462 4230 536 4282 omni
556 4233 649 4283 coacto
661 4235 773 4298 repente
792 4229 961 4282 merititndine
982 4230 1085 4300 ingenti
1098 4235 1194 4282 costra
1210 4230 1303 4307 Ronm-

207 3061 288 3120 Liuio
303 3059 428 3120 xxxix
443 3062 500 3141 52)
524 3063 594 3123 belli
610 3062 708 3121 Punici
725 3069 885 3138 temporum
901 3055 1061 3121 admonitus
1079 3063 1107 3122 in
1124 3065 1312 3142 comparatiu—
