2784 4940
208 342 320 390 LXVIII
606 325 923 396 QVAESTIONES

209 495 359 556 admodum
375 493 461 554 dubia
482 508 530 550 res
553 498 614 565 est,
644 505 765 566 quornm
785 489 1020 552 conlocationem
1043 491 1157 568 llngius
1178 495 1220 552 ita
1244 511 1324 570 prae·

209 603 271 676 tuit,
294 609 324 660 ut
345 600 380 659 lr.
400 596 467 657 xlv
484 593 738 670 Uarthagmienses
757 595 991 670 significarentur
1008 617 1044 657 ne
1062 598 1231 658 libertatem
1250 602 1326 658 amit-

209 715 303 768 terent
322 711 486 782 precantes,
508 700 601 760 altero
620 697 675 758 XV
692 701 774 777 pacis
796 702 916 770 initium,
936 722 992 782 qua
1007 705 1044 764 ad
1062 703 1224 782 poliendos
1241 721 1327 780 agros

208 811 326 889 regredi
354 810 473 882 liceret,
503 806 716 882 designaretur.
762 805 807 866 De
833 807 953 868 relicuis
979 826 1102 888 prorsus
1132 809 1206 868 nibil
1231 809 1327 868 babeo

209 917 287 996 quod
312 914 431 975 eraditis
461 927 637 990 proponam:
669 911 723 968 nisi
752 911 819 970 mibi
849 914 964 991 quidem
992 915 1059 974 uela
1089 916 1184 973 uentis
1220 915 1326 988 indata,

209 1023 287 1102 qaod
301 1020 411 1098 Hagios
432 1016 532 1092 uoluit,
552 1015 703 1075 admodum
726 1015 848 1076 ridicule
867 1020 960 1080 aideri
981 1041 1045 1082 cum
1059 1019 1205 1100 Cyclopis
1226 1030 1328 1081 uentre

208 1129 337 1188 humanis
359 1123 492 1186 carnibus
511 1122 637 1181 distento
659 1119 761 1198 (XVI)
785 1121 922 1182 conferri.

645 1305 829 1369 GAPVT
865 1311 893 1368 V

292 1439 414 1500 Punicas
438 1452 486 1493 res
508 1434 544 1493 ad
572 1433 655 1492 finem
682 1444 855 1512 persecutus
879 1443 969 1514 poeta
992 1453 1070 1496 ncnc
1092 1437 1271 1515 prohoemio
1293 1439 1327 1498 ad
1377 1473 1378 1546 p

210 1545 347 1604 bellura
373 1539 657 1603 Macedonicum
688 1541 794 1616 pergit.
841 1538 929 1600 Cuius
962 1541 1032 1601 belli
1063 1543 1142 1602 initia
1175 1544 1281 1603 licet
1273 1563 1327 1602 ram
1377 1547 1378 1550 ’

209 1652 237 1709 in
265 1646 444 1710 llannibalici
476 1643 612 1702 tumuitus
644 1652 776 1720 tempora
806 1644 949 1722 incidant,
984 1656 1054 1724 puto
1084 1657 1182 1706 tamen
1204 1646 1326 1706 Ennium

210 1755 350 1814 decimo
374 1751 470 1811 libro
493 1748 529 1808 ab
552 1749 623 1826 ipsis
638 1750 787 1827 principiis
806 1748 932 1829 Phitrppr
955 1769 1005 1810 res
1025 1754 1218 1830 repetiuissc.
1267 1755 1327 1812 Hoc

211 1859 367 1917 enimcum
390 1854 538 1916 exordium
560 1851 627 1912 mibi
652 1852 836 1912 subindicare
858 1855 992 1915 uideatur
1013 1863 1105 1914 mcccc
1129 1862 1219 1918 Maca
1244 1882 1326 1919 mana

211 1967 399 2022 Romanamtm
430 1964 611 2034 induperator
637 1961 715 2028 orma
748 1965 862 2036 quaeque
892 1967 921 2019 ia
955 1965 1023 2020 bello
1052 1969 1137 2038 pessit
1167 1983 1235 2023 eum
1265 1986 1326 2042 repe

209 2071 338 2144 Philippo
366 2067 429 2146 (1),
457 2074 515 2124 tum
542 2063 570 2122 id
598 2063 675 2143 qaod
699 2064 796 2141 potior
827 2064 966 2125 librorum
999 2069 1162 2126 auctoritas
1198 2070 1325 2145 decimo,

210 2172 319 2249 aliquot
343 2171 407 2230 libri
434 2169 585 2246 undecimo
607 2168 701 2226 annali
727 2168 874 2227 ascribunt
891 2169 927 2227 lr.
949 2169 976 2229 ll
998 2175 1150 2231 Leucatam
1177 2189 1326 2254 compsam

210 2276 416 2353 percommode
446 2277 481 2336 ad
507 2278 600 2354 ipsum
621 2273 804 2336 Macedonici
835 2273 906 2332 belli
936 2277 1018 2352 qaasi
1047 2275 1137 2335 limen
1159 2281 1322 2358 relegatur.

209 2380 304 2439 Liuius
334 2382 409 2440 enirn
435 2397 498 2438 cam
519 2381 547 2439 in
570 2397 606 2438 eo
631 2387 694 2452 est,
725 2387 755 2436 ut
777 2377 949 2438 Aetolorum
978 2381 1153 2462 anilippo
1177 2386 1325 2447 delectio·
1376 2443 1377 2462 q

210 2503 274 2544 nem
300 2486 342 2564 (a.
366 2504 393 2544 u.
418 2503 443 2544 c.
469 2483 545 2564 542)
579 2483 748 2563 perhibeat,
776 2483 852 2543 haec
878 2484 983 2562 quibus
1014 2488 1146 2565 inprimis
1167 2490 1323 2552 frustulam
1376 2485 1377 2506 ³

211 2591 281 2651 illud
304 2591 450 2650 inlustrari
466 2590 579 2650 uidetur
602 2591 728 2650 narrauit
751 2586 864 2665 (XXVl
887 2590 960 2669 26):
984 2597 1128 2654 buccinae
1148 2605 1227 2656 ueris
1246 2607 1324 2674 prin-

209 2702 278 2771 cipio
304 2718 321 2754 a
354 2701 477 2773 Corcyra
505 2700 649 2771 profectas
676 2697 791 2751 tusuidus
819 2709 951 2771 superate
979 2702 1101 2758 Leucata
1125 2711 1324 2775 promunturia

209 2823 271 2861 cam
294 2808 413 2861 uenisset
436 2804 625 2875 Naupactum,
650 2803 809 2873 Anticyram
836 2806 899 2861 inde
926 2822 957 2862 se
977 2811 1129 2879 petitarum
1158 2812 1269 2880 edixit,
1299 2821 1324 2866 at

207 2917 319 2981 praesto
335 2910 374 2964 ibt
389 2909 495 2980 Scopas
516 2911 654 2982 Aetolique
673 2914 771 2962 carent.

296 3008 421 3070 Ceterae
449 3011 588 3089 reliquiae
611 3012 647 3071 de
670 3011 773 3088 quibas
797 3013 936 3071 conicere
961 3013 1070 3092 aliquid
1097 3016 1179 3077 licuit
1203 3020 1318 3098 plerae-

210 3133 267 3194 que
294 3131 393 3173 omnes
419 3114 454 3174 ad
475 3115 507 3174 Τ.
539 3117 708 3191 Quinctii
729 3115 929 3177 Flaminini
956 3118 1058 3178 laudes
1094 3132 1142 3181 aut
1174 3127 1321 3201 pertinent

210 3229 257 3280 aat
279 3228 401 3298 possunt
430 3239 466 3280 eo
495 3224 644 3283 commode
669 3222 784 3281 relerri.
828 3221 901 3282 Nam
929 3233 959 3283 et
988 3243 1053 3284 eum
1077 3220 1319 3308 quem‘egregie

210 3326 359 3387 cordatum
380 3326 538 3388 hominem’
558 3329 627 3388 dicit
649 3336 738 3407 poeta
762 3327 834 3409 (111)
863 3329 902 3388 ibi
925 3329 1079 3407 probabile
1102 3343 1148 3392 est
1172 3333 1319 3396 laudatam
1375 3401 1376 3424 χ

207 3433 309 3509 luisse,
332 3432 380 3492 ubi
402 3433 464 3492 eius
487 3434 639 3510 conlegam
657 3435 685 3492 in
701 3435 852 3494 consulatu
870 3434 962 3494 luisse
978 3434 1166 3496 Flamininum
1188 3438 1232 3516 (a.
1249 3460 1278 3499 ιι.
1294 3458 1316 3497 c.
1375 3481 1376 3494 2

207 3539 285 3617 554)
315 3538 459 3600 narrabat.
505 3536 550 3597 (ll.
584 3537 682 3597 binius
715 3538 826 3598 XXXll
855 3541 884 3599 7.
929 3538 1034 3617 Neque
1066 3543 1094 3600 in
1124 3544 1205 3603 aetii
1228 3547 1316 3605 rebus
1375 3575 1376 3598 ;

207 3653 264 3702 tum
284 3645 388 3704 diutius
412 3653 605 3704 commoratus
626 3643 755 3720 uidetur,
778 3646 841 3721 eui,
867 3663 930 3704 cum
953 3648 1119 3723 prouincias
1143 3652 1316 3710 sortirentur

207 3751 362 3826 consules,
389 3748 472 3811 ltalia
494 3752 641 3810 euenerit:
672 3759 701 3808 at
723 3750 887 3824 Quinctium
911 3752 939 3808 in
961 3751 1160 3815 Macedoniam
1181 3759 1314 3834 proticis-

206 3864 320 3916 centem
348 3857 407 3914 suis
436 3855 569 3914 laudibus
592 3857 787 3932 prosequitur.
833 3854 1174 3918 cr.truiusxxx118
1199 3879 1246 3937 sq.
1291 3859 1314 3918 ls

207 3962 294 4038 igitur
315 3960 451 4022 dilectum
478 3960 583 4037 babet,
614 3978 672 4038 quo
702 3979 755 4020 eos
782 3962 847 4022 fere
875 3960 948 4036 legit
972 3952 1035 4040 ‘qai
1063 3964 1247 4043 inllispania
1271 3972 1313 4024 aut

204 4066 306 4126 Alrica
326 4075 492 4127 meruerant
513 4075 665 4145 spectatae
687 4068 799 4126 uirtutis
815 4057 946 4142 milites',
970 4057 1092 4127 ‘bellum
1112 4071 1243 4130 tolerare
1265 4088 1310 4149 po·

203 4164 312 4234 tentea'
343 4193 417 4254 quos
449 4174 557 4234 Ennius
580 4181 666 4232 uocat
696 4171 779 4251 (lv).
825 4172 958 4246 Quocum
980 4175 1085 4233 tamin
1107 4193 1141 4234 ca
1163 4195 1196 4234 re
1220 4177 1309 4236 Liuius
