2784 4940
512 369 738 426 ENNIANAE
1092 379 1179 426 LXXI

53 532 161 606 leret,
202 531 335 590 deuictus
363 549 379 590 a
407 530 566 591 Flaminino
595 531 708 592 humilis
740 541 769 592 et
802 532 933 592 abiectus
967 534 1072 592 nullam
1100 537 1182 613 pacis

54 638 267 696 conditionem
288 656 322 696 se
344 638 561 715 repudiaturum
582 637 743 715 profitetur.
788 637 834 697 CI.
859 638 955 698 Liuius
983 639 1107 701 XXXIII
1132 642 1180 702 13.
1237 641 1240 648 '

53 745 107 802 De
136 743 312 819 fragmentis
339 741 367 800 ll
393 750 422 800 et
449 740 490 800 lll
516 743 626 820 Hugius
658 760 715 802 nou
748 745 871 822 inperite
901 747 938 804 ita
963 745 1119 823 disputanit
1152 757 1182 806 ut

57 851 100 908 de
130 849 331 908 Romanorum
360 865 424 906 cum
456 849 568 934 orIgine
596 849 720 909 Troiana
752 860 809 909 tum
843 851 1019 926 cognatione
1052 849 1181 910 Graeco·

58 974 128 1014 rum
153 953 359 1030 Flamininum,
387 955 435 1032 qui
462 972 515 1032 per
537 957 781 1033 opportunitatem
804 954 980 1014 ludicrorum
1000 953 1182 1016 IsthmIorum

60 1060 194 1120 Graecis
221 1059 340 1119 urbIbus
373 1059 537 1119 libertatem
564 1063 652 1122 edicit
687 1061 799 1137 (Liuius
827 1059 951 1120 XXXIII
972 1060 1047 1140 32),
1078 1080 1181 1122 orasse

59 1168 281 1243 suspicaretur.
318 1165 373 1238 Qui
397 1164 512 1242 quidem
533 1152 734 1245 uersus'qnod
753 1183 840 1242 supra
854 1166 950 1224 monui
965 1169 1093 1244 inprlmis
1111 1167 1181 1228 lllutl

61 1272 199 1331 Indicant
224 1287 282 1329 non
305 1288 394 1350 posse
414 1271 451 1330 ad
471 1272 547 1332 bunc
572 1272 675 1360 librum
690 1289 786 1332 rerum
804 1270 972 1330 Punicarum
987 1275 1181 1334 narrationem

60 1377 258 1456 pertinuisse.

154 1481 262 1561 Neque
291 1492 385 1543 tamen
422 1501 476 1561 per
500 1490 591 1540 totum
625 1481 729 1541 librum
762 1487 850 1558 posta
880 1481 993 1540 uidetur
1020 1484 1048 1541 ln
1077 1483 1180 1544 Flami-

60 1590 124 1648 nini
151 1589 242 1648 rebus
268 1596 401 1648 uersatus
424 1606 506 1646 csse:
538 1589 623 1646 immo
644 1587 701 1646 duo
725 1586 885 1662 fragmenta
911 1587 976 1664 (lv.
990 1588 1032 1667 V)
1054 1590 1181 1650 fortasse

62 1714 124 1754 non
142 1698 244 1773 lncpto
258 1696 294 1755 ad
311 1691 451 1753 Catonem
466 1693 641 1766 referuntur,
665 1693 745 1752 cuius
765 1693 901 1768 egregias
917 1695 945 1751 in
959 1694 1108 1755 annalibus
1121 1697 1180 1756 lau·

62 1803 120 1860 des
132 1802 227 1861 luisse
240 1798 346 1860 Gicero
362 1807 484 1858 testatur
503 1815 556 1876 pro
568 1797 676 1856 Archia
690 1797 721 1872 9,
735 1796 784 1856 22:
800 1804 828 1856 io
842 1805 948 1858 coctum
961 1805 1043 1860 lamus
1052 1822 1181 1876 proauus

64 1914 136 1969 Coto
164 1914 278 1967 totlitur.
323 1903 396 1965 Gato
427 1913 521 1964 autem
548 1923 574 1963 a.
597 1922 625 1960 u.
647 1921 673 1962 c.
698 1902 759 1961 557
789 1904 969 1963 consulatum
991 1907 1052 1966 iniit
1074 1924 1109 1966 ac
1131 1925 1179 1966 ce-

65 2013 185 2072 lebrem
214 2010 356 2090 prolege
381 2009 476 2088 Oppia
503 2011 663 2068 orationem
689 2007 802 2068 babuit:
831 2010 912 2067 cuius
939 2012 1069 2087 speciem
1092 2029 1180 2088 quan·

66 2120 135 2178 dam
156 2137 196 2177 ex
214 2117 371 2176 imitatione
393 2115 463 2174 Liuii
485 2114 608 2174 XXXIV
628 2113 647 2171 2
670 2132 735 2191 sqq.
759 2115 916 2193 concipere
943 2116 1021 2174 licet.
1067 2115 1099 2174 lu
1117 2135 1181 2175 eam

65 2233 166 2282 autern
187 2223 346 2280 orationem
361 2230 391 2280 et
403 2220 460 2280 hoc
474 2238 532 2298 quo
548 2224 576 2279 in
591 2219 688 2278 luxum
700 2221 864 2280 uestiarium
880 2219 1024 2280 inuehitur
1038 2220 1181 2296 fragmen·

65 2339 127 2388 tum
142 2333 265 2403 pendent
275 2333 497 2402 peniculamenta
512 2332 594 2384 imum
606 2330 646 2384 od
657 2345 788 2402 meamque
797 2332 901 2402 pedum
918 2327 975 2404 (V)
989 2329 1135 2402 conuenit,
1152 2336 1182 2386 ct

66 2435 145 2493 haec
162 2432 253 2492 uerba
268 2439 340 2493 molo
354 2452 438 2492 oues
446 2437 528 2508 satur
540 2436 582 2488 eti
590 2434 638 2487 des
650 2432 777 2505 Iuppiter
790 2432 873 2510 (IV),
887 2432 990 2510 quibus
1002 2432 1076 2492 mala
1088 2435 1181 2492 omnia

67 2544 241 2618 imprecatur
265 2539 292 2597 ei
315 2540 363 2614 qui
388 2537 598 2615 promulgatam
621 2544 722 2595 contra
749 2537 899 2596 mulierum
921 2538 1063 2596 luxurIem
1085 2537 1181 2614 legem

68 2647 243 2721 abrogatum
268 2645 362 2702 inerit.
406 2642 471 2701 Non
501 2643 538 2700 ita
565 2640 655 2699 multo
683 2651 750 2719 post
772 2641 845 2702 Cato
873 2645 901 2700 in
922 2643 1087 2721 Hispaniam
1110 2643 1180 2702 indi-

69 2771 165 2829 genas
181 2751 372 2829 Hispanorum
389 2748 525 2807 domitum
537 2746 687 2824 proiectus
704 2757 764 2808 est:
781 2750 819 2808 cl.
837 2749 932 2808 Liuius
946 2746 1067 2807 XXXIV
1082 2748 1100 2808 8
1114 2767 1179 2826 sqq.

71 2859 153 2931 Quas
180 2875 227 2915 res
255 2858 280 2914 si
307 2855 416 2914 Ennius
440 2862 612 2932 persecutus
635 2863 698 2928 est,
729 2856 757 2913 in
784 2873 820 2914 eo
840 2874 917 2915 nexu
939 2855 1061 2914 forsitan
1085 2853 1179 2912 locum

71 2965 101 3022 hi
126 2981 244 3021 uersus:
266 2974 322 3021 tum
337 2967 429 3036 clupei
447 2969 579 3018 resonant
599 2969 626 3017 ct
642 2964 718 3034 sarri
736 2967 825 3022 stridit
841 2982 957 3022 acumen
981 2959 1052 3039 (vt)
1072 2969 1102 3020 et
1117 2967 1179 3020 mb-

72 3087 160 3145 saqne
178 3085 234 3142 per
256 3077 356 3141 pectus
382 3071 446 3125 dum
467 3070 567 3123 transit
591 3070 725 3124 strideret
743 3069 824 3124 basta
852 3065 937 3145 (Vll)
968 3068 1179 3128 nanciscantur.

73 3175 138 3233 Neo
160 3174 261 3232 Inscite
283 3172 392 3249 Hugius
426 3171 531 3231 ibidem
562 3170 694 3230 ferocem
723 3170 880 3248 Hispanum
914 3173 1009 3232 induci
1043 3174 1179 3246 coniecit,

75 3281 169 3357 quise
188 3277 316 3337 Romane
336 3263 458 3336 nescire
470 3278 591 3335 iactaret
613 3276 641 3334 in
661 3276 736 3336 hunc
754 3277 883 3337 modum:
904 3283 1031 3354 Hispone
1050 3301 1106 3339 non
1123 3283 1179 3338 Ro-

76 3405 157 3445 mane
176 3391 329 3444 memoretis
345 3389 419 3458 loqui
437 3401 479 3440 me
497 3381 569 3458 (inc.
593 3381 656 3441 sed.
676 3381 793 3459 XLIII).
1041 3443 1047 3448 ,

159 3490 183 3549 Ε
209 3489 433 3550 duodecImo
465 3486 589 3546 annali
622 3505 637 3546 a
671 3488 864 3563 grammaticis
893 3495 1029 3565 quattuor
1058 3488 1182 3546 citantur

78 3599 248 3671 fragmenta,
278 3611 400 3671 quorum
426 3601 520 3652 tamen
540 3611 625 3650 uuum
644 3593 721 3670 quod
742 3591 823 3653 Fabii
845 3592 1031 3669 praeconium
1053 3594 1181 3651 continet

79 3703 113 3762 ad
129 3717 228 3759 nouum
242 3700 293 3776 (lr.
306 3699 389 3778 Vlll)
412 3698 618 3774 relegauimus‚
642 3698 698 3758 duo
720 3718 737 3758 e
752 3705 900 3776 postremo
916 3696 1011 3756 annali
1029 3695 1181 3776 desumpta

81 3826 144 3868 esse
165 3806 236 3864 lnlra
260 3806 436 3864 euincemus.
471 3803 517 3860 Ac
539 3821 575 3862 ue
598 3805 660 3863 eius
680 3804 796 3882 quidem
817 3802 895 3880 quod
916 3819 1000 3860 uuum
1021 3809 1111 3860 restat
1130 3819 1179 3860 oc·

84 3915 222 3973 casionem
245 3919 407 3970 monstrare
428 3909 564 3984 contigit:
595 3917 682 3970 omnis
704 3914 827 3968 murteta
849 3916 966 3966 uictores
988 3910 1116 3966 cordibae
1137 3914 1180 3966 ui-

82 4027 120 4078 uis
140 4022 282 4077 Laetantes
312 4024 375 4078 uino
402 4027 514 4074 curatos
535 4033 647 4073 somnus
669 4025 780 4089 repente
801 4017 838 4071 In
864 4031 961 4086 compo
987 4018 1094 4086 pesum
1116 4019 1181 4072 mol-

83 4129 190 4182 lissimus
205 4128 327 4197 perculta
345 4128 431 4180 acmo.
463 4121 544 4194 Quos
564 4137 666 4178 uersus
682 4118 793 4194 Hugius
812 4119 840 4176 in
858 4126 957 4193 strage
969 4117 1092 4178 Histrica
1110 4136 1180 4178 con·

84 4227 182 4289 locauit
202 4228 311 4288 Iiuium
330 4227 395 4288 XLI
416 4226 434 4288 3
458 4236 593 4303 secutus,
624 4226 672 4304 qui
692 4224 806 4284 Histros
829 4231 941 4298 narrat,
965 4223 1014 4282 ubi
1038 4225 1065 4282 in
1088 4241 1179 4285 uacua
