2784 4940
494 385 725 442 ΕΝΝΙΑΝΑΕ
1095 397 1168 444 xxv

65 550 125 627 quis
152 567 215 610 eum
250 549 370 610 editore
402 549 545 630 lipsiensi
579 551 616 612 de
649 551 764 613 Didone
798 553 848 614 uel
882 552 939 614 alis
973 553 1075 614 nescio
1111 572 1169 634 qua
1241 593 1248 624 .

68 655 179 715 muliere
200 655 376 734 intellegat,
406 677 558 734 permenso
581 659 699 738 passius
721 666 767 717 est
799 659 1016 738 accipiendum,
1040 671 1071 721 ut
1093 664 1168 742 apud

69 761 200 822 Tibullum
228 762 270 822 lll
300 763 333 839 3,
359 764 378 824 9
405 772 434 823 et
454 763 537 824 alibi:
561 766 615 824 nisi
644 766 709 849 quis
729 765 787 826 leni
808 783 890 826 manu
919 767 1074 829 emendare
1097 789 1168 846 per-

71 869 170 929 nonm’
189 870 311 931 mauult.
383 871 429 932 De
443 871 563 934 Aeneae
583 873 750 950 itineribus,
775 889 833 953 quo
852 873 939 934 modu
959 875 1034 953 apud
1048 874 1169 936 fluuium

72 985 196 1038 cromata
219 977 352 1054 fuerint,
383 987 412 1040 et
437 979 599 1058 fragmenta
626 982 731 1042 desunt
760 997 816 1040 nec
843 997 860 1040 e
885 979 1018 1058 Vergilio
1050 983 1170 1042 certiori

69 1078 142 1140 locus
163 1085 356 1146 coniecturae
379 1096 441 1147 est:
463 1105 549 1167 quem
570 1105 702 1166 magnam
714 1096 825 1168 partem
838 1087 921 1166 primi
939 1086 1004 1148 libri
1016 1087 1051 1147 ad
1066 1085 1171 1149 Naeuii

66 1188 209 1266 exemplar
239 1196 449 1274 composuisse
478 1193 644 1256 Macrobius
673 1203 797 1256 testatur
821 1195 898 1272 (Sat.
924 1191 966 1254 Vl
993 1193 1013 1252 2
1043 1213 1073 1274 p.
1107 1194 1168 1256 514

64 1290 153 1373 dan.):
175 1302 204 1356 in
222 1306 370 1379 prosapie
392 1305 527 1362 Aeneidos
554 1310 701 1378 tempestae
722 1304 900 1372 coemitur,
928 1309 956 1360 et
981 1303 1074 1360 Vernae
1094 1305 1177 1380 capud⁸

64 1400 151 1459 Iouem
171 1412 300 1479 persto
318 1412 356 1469 dc
371 1413 508 1486 periculis
526 1414 585 1485 filii,
606 1418 632 1469 et
646 1411 774 1486 luppiter
788 1428 850 1468 eom
863 1411 897 1466 de
913 1410 1074 1484 socerorum
1085 1427 1169 1484 prot-

61 1513 173 1580 peritate
199 1518 320 1577 sotatur.
365 1520 421 1576 Hic
446 1521 524 1577 Ιοοιιε
546 1525 616 1578 tonte
635 1525 760 1593 sumptos
778 1535 797 1574 o
819 1518 924 1574 licendo
951 1524 992 1574 eut
1017 1535 1055 1576 ec
1075 1521 1169 1592 primo

67 1616 127 1674 ltro
138 1619 200 1678 betti
210 1623 324 1682 Punici
345 1621 450 1702 Neque
463 1631 576 1700 tameo,
587 1624 723 1704 quoniam
734 1638 792 1681 nou
801 1620 905 1682 desunt
917 1621 945 1681 iu
957 1639 993 1682 ea
1004 1625 1169 1684 narratione

64 1717 179 1800 Vergilii
209 1731 357 1806 quaedam
380 1730 417 1791 alu
445 1729 539 1792 Ennio
572 1731 764 1810 deprompta,
793 1727 829 1788 ab
858 1727 914 1788 lrac
942 1735 1027 1807 parte
1054 1731 1169 1789 omnino

67 1845 129 1888 usus
147 1833 208 1893 eius
226 1842 340 1915 podtae
361 1837 473 1899 alienus
497 1845 551 1898 est.
588 1835 645 1896 Vel
673 1836 727 1896 lros
753 1853 858 1897 uersus
884 1839 1013 1914 Iuppiter
1042 1841 1087 1896 ltie
1110 1844 1171 1898 risit

66 1944 283 2020 tempestatesque
305 1962 423 2004 scrotoe
445 1947 691 2006 momentanee
708 1949 769 2004 riso
789 1946 866 2004 Iouis
886 1950 1075 2020 conputantur
1095 1945 1168 2022 (inc.

68 2041 123 2102 sed.
144 2044 199 2128 lll)
222 2051 293 2129 quid
316 2049 443 2129 inpedit,
466 2067 524 2129 qun
546 2051 639 2111 minus
657 2051 742 2112 simili
763 2069 839 2111 nexu
861 2050 929 2111 olim
952 2050 1027 2129 apud
1048 2049 1169 2112 Ennium

67 2143 171 2210 habitos
193 2157 412 2233 existimemus,
432 2173 490 2235 qun
512 2156 600 2236 puulo
629 2157 784 2237 politiores
815 2167 919 2238 postea
951 2157 1099 2234 Vergilius
1127 2157 1168 2216 in·

71 2255 283 2325 texuissent
314 2263 377 2325 254
389 2283 435 2346 sq.
460 2271 507 2326 olli
526 2269 672 2326 otdridots
691 2270 831 2326 huminum
852 2276 930 2326 sotor
949 2275 1031 2341 utque
1055 2269 1170 2325 deur-m

78 2359 152 2434 ton,
171 2388 223 2442 qaeu
243 2377 353 2432 coelum
371 2382 595 2450 tempestatesque
617 2369 749 2433 aereum?
773 2369 844 2432 cum
862 2380 1016 2451 praeterea
1039 2389 1056 2432 e
1076 2371 1168 2451 primo

71 2468 155 2529 annali
174 2475 266 2538 adlati
290 2478 400 2539 diserte
423 2497 527 2540 uersus
550 2477 645 2558 (XIX.
665 2478 736 2559 XX)
755 2479 982 2540 descendentem
993 2478 1030 2540 de
1043 2477 1168 2559 Olympo

70 2569 202 2642 Venerem
229 2585 390 2663 designare
419 2586 603 2671 uiderentur,
631 2587 697 2647 inde
723 2595 788 2647 nata
807 2587 1004 2678 coniectura,
1037 2602 1094 2644 noo
1118 2584 1168 2645 illa

69 2690 156 2760 certa,
185 2693 236 2753 sed
269 2701 365 2753 tamen
392 2692 570 2773 probabilis,
593 2703 623 2755 et
647 2671 846 2774 tempestatis,
869 2711 925 2772 qua
950 2692 1066 2753 deneas
1092 2692 1168 2770 apud

68 2782 219 2868 Vergilium
248 2799 397 2878 defertur,
426 2803 456 2862 in
478 2800 628 2880 annalibus
650 2818 768 2881 quoque
794 2803 969 2862 mentionem
991 2818 1047 2861 neo
1070 2800 1168 2860 Vene-

68 2892 104 2950 ris
135 2899 227 2964 nullas
260 2907 289 2966 in
316 2924 354 2968 eo
386 2909 489 2969 itinere
516 2917 616 2988 partes
647 2907 748 2994 fuisse.
794 2909 833 2969 At
865 2909 960 2988 potuit
987 2909 1062 2990 hacc
1083 2906 1167 2968 Ennii

70 3007 187 3067 namatio
216 3013 335 3074 multum
366 3014 485 3076 differre
514 3014 550 3075 alu
566 3003 638 3091 'eo,
673 3032 760 3094 quern
787 3014 936 3093 Vergilius
964 3021 1081 3074 secutus
1111 3023 1167 3090 est,

68 3100 186 3176 Naeuio:
208 3128 239 3179 ut
262 3139 296 3181 ea
316 3123 439 3202 suspitio
461 3130 584 3202 propter
598 3121 776 3182 llacroltiurn
795 3139 852 3182 oon
873 3131 1021 3182 euertatur
1036 3123 1167 3182 omnino:

70 3212 142 3276 uelut
171 3223 207 3285 de
235 3227 368 3305 Didone,
396 3247 471 3308 quae
494 3239 556 3290 tota
583 3229 731 3291 Naeuiana
759 3236 821 3304 est,
851 3227 972 3289 Ennium
996 3238 1065 3309 puto
1098 3228 1168 3289 nilril

69 3321 231 3394 tradidisse:
266 3334 456 3412 fragmentum
483 3336 598 3415 quidem
620 3335 668 3396 uel
699 3337 909 3412 testimonium,
939 3352 997 3416 qno
1020 3355 1085 3397 earn
1107 3353 1167 3396 rem

72 3427 198 3513 euinoas,
221 3457 279 3500 non
302 3450 392 3502 extat.

147 3538 271 3608 Adueoit
293 3548 411 3611 Aeneas
431 3551 459 3610 io
481 3550 606 3612 ltaliam:
629 3551 818 3629 designentur
837 3549 900 3610 eins
921 3559 1019 3611 terrae
1042 3551 1113 3610 situs
1137 3557 1167 3610 et

74 3638 177 3710 incolae
208 3656 417 3737 pristinumque
445 3676 550 3719 nomen
579 3657 709 3720 adfertur
739 3656 833 3736 (XXl.
867 3654 959 3718 XXll.
992 3655 1098 3717 xxltt.
1127 3655 1165 3715 c'f.

76 3739 204 3838 XXX11);
235 3781 311 3842 quae
333 3764 449 3842 quidem
472 3764 588 3826 dubium
615 3773 660 3824 est
684 3763 721 3824 alt
744 3765 848 3844 ipsnoe
866 3769 958 3842 ‘poeta
979 3761 1109 3822 dicantur
1131 3781 1166 3823 an

76 3850 107 3912 ib
132 3863 186 3926 alio
213 3871 313 3930 nescio
335 3889 395 3950 quo
417 3889 502 3951 quern
524 3871 691 3950 loquentem
711 3871 836 3931 inducat.
865 3868 897 3928 ln
919 3866 1051 3932 Aeneide
1072 3868 1084 3930 l
1105 3869 1166 3932 530

55 4013 57 4016 -
74 3953 191 4034 Ilioneus
209 3974 329 4037 Aeneae
345 3978 443 4038 socius
456 3990 497 4039 est
515 3984 600 4052 luero,
623 3977 723 4057 iuquit,
746 3981 913 4053 Hesperium
926 3981 999 4038 Grai
1009 3984 1168 4052 euyncms'ne

75 4068 170 4152 omns,
203 4086 293 4143 Terre
315 4091 444 4162 estmoe,
462 4095 562 4162 potens
581 4090 669 4143 arene
689 4092 771 4160 atque
800 4087 883 4144 odere
911 4087 1022 4160 plebes,
1056 4087 1170 4146 Oerwtrs'

74 4180 170 4244 coluere
194 4195 263 4256 uiri·
288 4211 362 4250 nunc
386 4195 467 4267 foma
494 4198 614 4252 minores
640 4194 752 4250 ltaliam
773 4196 878 4252 demisse
899 4196 977 4276 ducta
1003 4197 1037 4252 de
1057 4200 1166 4255 nomine

71 4295 176 4352 cenom.
228 4293 275 4356 De
306 4295 466 4377 llesperia,
495 4299 593 4378 prisca
620 4295 721 4358 ltaliae
749 4297 963 4377 adpellstinne,
997 4315 1082 4379 quarn
1105 4297 1163 4358 En·
