2784 4940
212 407 267 484 ¹nr
617 401 929 472 ovansrronus

216 567 299 626 minis
329 567 480 645 imaginem
507 567 655 646 perficiat:
687 585 751 627 oum
779 568 862 627 nnius
889 566 956 626 libri
981 566 1060 628 mille
1091 576 1121 627 ct
1148 569 1332 646 quingentos

216 673 265 733 uel
286 683 439 735 sescentos
462 675 511 735 uel
533 676 608 737 adeo
631 675 817 752 octingentos
839 691 943 734 uersus
962 674 1054 734 luisse
1074 674 1235 751 adsumam,
1256 667 1332 734 ¹non

216 779 333 840 multum
355 800 371 840 a
392 799 464 841 uero
488 799 608 842 numero
630 782 734 843 uideor
760 781 917 842 declinare.
962 781 1045 842 Vnde
1069 781 1206 861 adparet,
1232 800 1330 860 quarr-

215 885 277 946 tilla
313 905 382 965 pars
407 889 504 966 quanti
534 889 667 948 carminis
695 887 730 948 ad
756 905 811 946 nos
839 887 1022 966 peruenerit:
1058 891 1192 968 qnoniam
1220 907 1329 951 omnes

215 1011 319 1053 uersus
336 1009 530 1073 uersunmque
547 995 706 1074 particulae
722 1003 904 1074 computatae
920 997 968 1056 uix
985 979 1220 1076 tertiam'partem
1237 999 1328 1059 unius

214 1119 252 1160 ex
274 1101 470 1180 duodeuiginti
491 1102 572 1163 libris
592 1102 764 1180 adaequent.
808 1101 903 1180 larga
920 1105 1058 1162 materies
1078 1106 1106 1164 ei
1126 1107 1174 1182 qui
1189 1103 1328 1164 Merulae

214 1208 378 1287 exemplum
403 1209 526 1268 imitatus
555 1228 572 1268 e
594 1208 691 1284 Liuio,
722 1209 881 1284 Dionysio,
917 1210 982 1270 aliis
1006 1229 1102 1270 rerum
1126 1212 1326 1291 scriptoribus

212 1330 266 1372 suo
295 1314 427 1394 periculo
456 1316 579 1395 explere
605 1317 733 1377 inm'ensa
761 1317 913 1377 interualla
943 1318 1124 1396 susceperit,
1158 1320 1187 1378 in
1212 1318 1324 1396 quibus

213 1421 352 1481 uersiculi
382 1429 413 1481 ut
441 1423 516 1502 apud
543 1423 704 1501 Vergilium
730 1422 772 1483 illi
795 1423 870 1483 ‘rari
899 1431 1000 1483 nantes
1028 1425 1056 1484 in
1075 1409 1192 1502 gurgite
1213 1431 1325 1486 uasto’

212 1537 361 1603 ungantur.
407 1528 466 1589 Sed
488 1530 608 1620 annales
630 1530 776 1590 Romanos
799 1533 918 1610 spiritu,
946 1531 971 1590 si
987 1529 1030 1590 dis
1046 1531 1161 1609 placet,
1185 1530 1324 1592 Enniano

212 1635 400 1695 conscribere
426 1637 491 1697 aliis
518 1639 667 1717 relinquo,
701 1641 765 1718 ipse
793 1646 946 1698 contentus
973 1639 998 1697 si
1019 1655 1077 1698 non
1105 1638 1264 1699 infeliciter
1290 1650 1324 1700 et

210 1741 283 1800 lines
305 1752 531 1822 argumentoque
551 1743 688 1804 librorum
711 1752 740 1804 et
760 1745 917 1806 mediocris
938 1761 1074 1803 uersuum
1095 1744 1185 1822 partis
1209 1760 1324 1802 nexum

209 1866 245 1908 ac
267 1865 383 1910 sensum
405 1850 543 1928 indagare
563 1851 727 1929 contigerit.

293 1955 531 2034 Fragmentorum
553 1975 672 2018 numero
693 1957 812 2018 relicuis
833 1958 921 2046 iacile¹
944 1965 1074 2036 praestat
1097 1958 1231 2035 primus
1255 1975 1321 2016 au·

209 2061 321 2154 nolis:
351 2065 379 2122 in
406 2083 492 2144 quem
513 2083 571 2124 non
598 2082 709 2144 paucos
730 2083 833 2125 uersus
861 2065 1028 2144 opinatione
1053 2063 1134 2123 intuli
1155 2063 1218 2122 siue
1240 2062 1320 2122 alio·

208 2187 269 2229 rum
297 2171 364 2248 siue,
389 2189 470 2232 mea:
501 2188 557 2231 nec
584 2173 608 2230 si
637 2175 683 2234 cui
709 2172 797 2252 paulo
827 2172 873 2232 bic
900 2171 1020 2231 liberius
1047 2189 1116 2230 usus
1146 2171 1321 2231 coniectura

206 2275 324 2352 uidear,
353 2277 382 2337 id
410 2280 472 2339 sine
500 2281 612 2340 ratione
638 2278 754 2338 lactum.
799 2276 912 2356 Nempe
935 2295 973 2338 ex
1000 2277 1087 2336 initiis
1109 2279 1204 2356 potius
1228 2296 1320 2355 quam

207 2401 224 2440 e
243 2383 345 2444 mediis
370 2394 399 2443 et
427 2388 564 2447 extremis
587 2383 760 2448 carminibus
781 2384 960 2461 grammatici
981 2382 1156 2462 depromere
1177 2387 1319 2464 exempla

206 2489 319 2550 solent:
348 2499 378 2550 ut
400 2491 582 2571 probabilior
606 2495 643 2552 sit
671 2492 729 2552 hoc
757 2493 873 2552 nomine
896 2493 1019 2571 suspitio
1047 2509 1123 2569 quae
1148 2489 1214 2551 huic
1236 2490 1317 2552 libro

206 2614 289 2675 quam
311 2615 386 2675 qnae
408 2599 457 2659 alii
478 2599 583 2660 tribuat
605 2599 775 2676 lragmenta.
809 2587 812 2594 ’

288 2703 446 2767 Exordium
473 2705 581 2765 Ennius
607 2704 761 2766 llomerum
793 2705 917 2765 imitatus
953 2706 1030 2784 capit
1062 2702 1098 2764 ab
1126 2703 1317 2764 inuocatione

203 2807 347 2870 blusarum
365 2812 428 2871 siue
444 2808 664 2885 Camenarum,
689 2829 760 2888 quas
776 2820 895 2872 ueteres
909 2811 1000 2872 Latini
1018 2809 1161 2870 uocabant
1175 2809 1314 2891 (ll.lll):

203 2934 322 2993 quarum
343 2919 420 2995 quod
442 2917 489 2978 hic
510 2919 684 2977 mentionem
707 2917 822 2994 iniecit,
852 2938 890 2980 ex
916 2935 997 2978 moro
1023 2919 1093 2978 iecit
1120 2925 1227 2995 potita,
1262 2921 1313 2996 qui

202 3023 310 3082 inferre
336 3041 428 3084 uoces
450 3026 622 3103 peregrinas
645 3023 673 3082 in
696 3025 818 3104 patrium
840 3041 1003 3083 sermonem
1024 3024 1087 3084 lere
1109 3027 1163 3084 nisi
1186 3024 1312 3104 explici·

200 3139 245 3194 tas
275 3139 304 3189 et
333 3147 397 3190 cum
428 3130 596 3208 uulgaribus
627 3130 804 3208 compositas
834 3131 939 3191 noluit:
976 3131 1012 3191 de
1039 3148 1096 3208 quo
1127 3148 1208 3191 more
1239 3132 1312 3192 alibi

200 3236 283 3315 plura
304 3254 487 3315 expromam:
509 3237 580 3297 illud
601 3245 708 3298 tautum
724 3237 810 3296 modo
833 3239 949 3313 mirum„
970 3237 1047 3316 quod
1066 3238 1116 3298 uel
1131 3241 1159 3296 in
1174 3239 1311 3298 carminis

199 3344 425 3423 prohoemio-et
447 3345 475 3402 in
490 3343 635 3404 llusarum
656 3344 853 3424 adpellatione
875 3345 1091 3421 grammaticum
1113 3347 1186 3421 agit:
1208 3363 1309 3423 quam·

199 3469 283 3531 quam
312 3453 361 3512 uix
383 3453 526 3531 aptiorem
552 3448 619 3510 huic
640 3453 737 3512 uersui
760 3453 861 3512 sedem
884 3467 967 3528 quam
996 3450 1023 3508 ln
1052 3451 1142 3528 prima
1161 3451 1309 3512 blusarum

199 3559 472 3619 commemoratione
493 3557 637 3636 reperias.
682 3557 786 3618 Earum
808 3576 882 3637 ope,
906 3565 935 3616 ut
956 3555 1086 3631 uidetur,
1111 3558 1219 3618 clarum
1242 3575 1309 3618 car·

196 3686 262 3726 men
285 3665 316 3728 ¹et
342 3665 493 3725 inmortale
522 3663 645 3724 loturum
669 3675 824 3742 auguratus
847 3683 863 3726 a
885 3663 1026 3748 prtcurlp
1048 3664 1163 3724 scilicet
1186 3681 1243 3724 non
1268 3665 1309 3734 ita

195 3774 307 3835 alienus
329 3781 418 3853 polita
440 3772 512 3852 (lv)
536 3772 638 3832 nescio
663 3770 766 3848 quibus
787 3771 926 3848 gradibus
949 3781 978 3832 et
1004 3789 1062 3850 quo
1085 3789 1161 3831 nexu
1186 3780 1306 3830 senten-

196 3883 253 3942 tiae
274 3881 310 3941 ad
330 3878 401 3941 illud
423 3879 544 3938 celebre
562 3877 701 3938 somnium
724 3881 840 3958 pergit,
863 3879 939 3938 unde
961 3879 1086 3956 diligens
1103 3878 1186 3938 Ennii
1208 3888 1308 3939 secta·

195 3998 242 4048 tor
260 3986 408 4064 Vergilius
439 3985 557 4046 colores
581 3984 721 4065 quosdam
748 3984 850 4044 somnii
873 3985 993 4045 Aeneae
1021 3985 1209 4064 deprompsit.
1257 3984 1307 4046 Gi.

195 4094 268 4154 Aen.
286 4092 313 4153 ll
328 4092 389 4152 270
401 4108 467 4170 sqq.
484 4100 514 4151 et
525 4092 645 4153 Seruius
657 4091 694 4151 ad
706 4091 733 4152 l1.
748 4091 767 4151 l.
822 4091 906 4153 Ennii
917 4094 1067 4168 somnium,
1085 4091 1166 4149 cuius
1179 4091 1310 4168 paucula

192 4200 333 4279 quaedam
353 4198 477 4274 uestigia
495 4208 610 4274 extant,
634 4200 717 4278 quasi
735 4196 876 4279 τηλαυγὲς
891 4193 1050 4279 πρόσωπον
1072 4197 1186 4275 inipso
1205 4196 1309 4256 limine

193 4305 325 4364 carminis
350 4305 477 4383 positum
501 4305 592 4364 luisse
619 4305 708 4382 aliqui
731 4313 824 4366 testes
849 4305 979 4382 tradunt,
1016 4303 1068 4364 sed
1097 4305 1136 4364 ita
1164 4311 1194 4362 ut
1222 4307 1308 4365 ueris
