2784 4940
204 383 342 434 nxxvm
606 373 917 444 QVAESTIONES

203 563 251 602 sor
266 552 307 600 est
319 543 422 616 soclus,
444 541 552 596 nomae
573 527 757 599 inimier'ssr'mo
777 547 806 599 in
826 561 925 616 cumpo
938 547 1027 600 statim
1045 517 1128 600 rentii
1138 548 1168 601 in
1183 549 1329 618 qratiam,

203 659 234 708 nt
251 663 391 706 commune
410 646 531 719 officium
547 663 683 702 censurae
703 653 839 705 communi
856 653 948 706 anano
969 667 1004 704 ae
1021 652 1161 706 uoluntate
1182 652 1330 723 defende—

204 750 288 813 rent?
311 752 443 828 Adparet
466 751 541 809 enirn
563 768 579 808 a
601 746 746 810 Cicerone
771 751 827 810 dici
849 750 933 810 Ennii
952 750 1090 826 annales,
1115 769 1209 829 quem
1235 756 1328 812 etiam

204 861 273 921 alibi
301 873 438 918 summurn
468 862 583 933 poetam
610 857 774 917 nominauit.
826 856 898 916 llem
926 858 1017 934 ipsam
1041 865 1137 916 autem
1168 877 1197 918 a.
1237 879 1269 918 u.
1301 879 1329 918 c.

204 967 265 1027 573
291 965 435 1024 accidisse
463 961 534 1020 tiutt
562 960 706 1020 beneficio
728 961 777 1022 XL
804 963 845 1022 46
867 971 989 1022 constat.
1035 963 1080 1022 De
1109 962 1255 1041 reliquiis
1280 967 1331 1023 uix

205 1074 357 1150 quicquam
380 1068 560 1128 eonhdenter
582 1068 732 1128 adllrmes:
760 1085 879 1145 quarum
904 1086 1015 1146 paucae
1037 1067 1152 1146 (l-V)
1181 1087 1202 1127 e
1231 1067 1332 1128 Fuluii

204 1176 304 1236 Flacci
323 1175 411 1234 rebus
434 1190 505 1250 quas
529 1173 588 1232 illis
609 1175 689 1232 annis
709 1183 809 1232 contra
833 1172 1000 1234 Celtiberos
1021 1174 1115 1251 gessit
1142 1174 1331 1252 desumptae

206 1301 273 1341 esse
303 1289 434 1360 possunt.
480 1275 525 1337 Cf.
547 1279 644 1338 Liuius
666 1278 716 1338 XL
741 1279 791 1339 39.
814 1280 865 1339 40.

290 1386 328 1444 At
350 1385 387 1444 de
410 1386 478 1444 crisi
502 1403 635 1444 uersuum
651 1383 713 1444 426
728 1403 773 1462 sq.
794 1383 842 1444 hio
860 1384 999 1463 quaedam
1023 1385 1153 1446 adiciam.
1184 1385 1333 1459 Quorum

205 1494 399 1572 posteriorem
410 1492 533 1569 ascripsi
549 1510 635 1570 quem
646 1490 798 1549 admodum
810 1489 982 1550 Theodorus
994 1491 1136 1568 Bergklus
1149 1493 1178 1550 in
1191 1511 1332 1552 censura

206 1599 285 1658 Festi
299 1596 479 1656 llluelleriani
493 1597 630 1676 (Ephem.
661 1596 716 1655 litt.
729 1596 793 1656 llal.
808 1615 834 1657 a.
854 1594 974 1656 184211
989 1595 1066 1676 230)
1080 1599 1274 1659 emendauit:
1292 1602 1331 1660 de

206 1707 300 1764 altero
315 1706 491 1764 sentionunc
506 1722 592 1762 secus
608 1713 695 1780 atque
711 1704 779 1763 olim
795 1722 858 1763 cum
872 1704 1035 1781 fragmenta
1050 1707 1229 1784 perscripsi.
1258 1706 1330 1780 Quo

206 1829 294 1870 uersu
310 1810 366 1870 duo
381 1813 559 1886 grammatici
582 1820 706 1885 utuntur,
728 1808 914 1886 Philargyrus
937 1811 966 1868 iu
981 1809 1089 1887 Georg.
1111 1809 1152 1871 IV
1170 1810 1251 1888 188,
1278 1815 1331 1892 qui

207 1925 297 1976 toturn
319 1917 509 1992 fragmentum
529 1915 675 1976 exhihuit:
711 1927 895 1992 conpescunt
909 1935 1036 1974 mussare
1064 1920 1126 1976 boni
1145 1927 1195 1994 qni
1207 1924 1330 1994 factam

206 2028 300 2082 labne
319 2029 397 2083 enimi
415 2029 537 2082 militiam
556 2041 710 2099 peperere,
732 2031 761 2080 et
779 2020 859 2080 Festi
881 2021 1029 2081 breuiator
1051 2041 1080 2101 p.
1103 2025 1161 2083 144
1183 2025 1248 2084 Μ.;
1270 2049 1330 2086 non

206 2137 283 2190 decet
308 2149 435 2190 mussare
456 2133 548 2189 bonos.
592 2127 664 2188 Nam
685 2127 742 2187 hoc
764 2128 916 2188 frustulum
939 2146 996 2188 non
1025 2131 1247 2207 segregandum
1281 2145 1330 2193 est

208 2257 223 2298 a
246 2236 379 2296 uersibus
403 2235 578 2312 Philargyri:
607 2234 736 2294 editores
760 2233 874 2312 quidem
896 2235 966 2294 illud
997 2244 1138 2315 tamquam
1165 2240 1329 2315 proprium

208 2339 291 2398 Ennii
312 2341 503 2417 fragmentum
524 2349 690 2416 recensent,
710 2344 755 2398 hie
777 2341 958 2417 pronomine,
982 2360 1018 2400 ne
1034 2360 1168 2401 numerus
1189 2343 1329 2421 labatur,

208 2446 333 2504 inserto:
356 2467 411 2506 non
433 2450 509 2504 decet
522 2450 566 2505 hie
580 2470 615 2506 m.
631 2451 657 2506 h.
690 2446 771 2519 Quos
793 2445 950 2505 Muellerus
972 2449 1118 2524 uituperat
1137 2448 1173 2507 ad
1196 2447 1327 2510 Festum

209 2569 236 2629 p.
266 2549 327 2610 384
364 2558 394 2610 et
428 2549 581 2626 Bergkius.
634 2549 689 2622 Qui
724 2554 871 2629 pristinam
901 2554 963 2612 cius
997 2571 1102 2613 uersus
1135 2556 1275 2631 speeiem
1312 2575 1329 2614 a

207 2655 296 2716 Paulo
320 2655 392 2715 tradi
415 2655 554 2731 adfirmat,
579 2673 665 2734 quam
684 2659 839 2736 antiquitus
859 2660 1063 2734 grammaticus
1082 2659 1205 2737 quidam,
1229 2679 1271 2720 ne
1297 2665 1328 2720 in

206 2762 377 2820 hexametro
400 2761 556 2821 trochaeus
581 2762 722 2838 offendat,
746 2765 947 2842 intempestiue
970 2765 1131 2824 mutauerit.
1176 2763 1256 2823 Nam
1281 2767 1327 2824 le-

207 2869 335 2944 gitimum
363 2884 430 2924 esse
459 2868 541 2944 primi
576 2869 659 2946 pedis
688 2869 872 2945 trochaeum,
904 2889 989 2948 quem
1021 2871 1129 2930 Ennius
1158 2867 1327 2930 Homerum

208 2975 331 3033 imitatus
358 2989 415 3030 non
442 2988 508 3030 raro
536 2972 564 3030 in
592 2990 662 3032 suos
685 2975 871 3035 hexametros
892 2975 1048 3036 admiserit.
1093 2975 1132 3034 At
1154 2977 1183 3036 id
1206 2978 1327 3037 uellem

207 3077 351 3154 Bergkius
373 3075 547 3136 certioribus
577 3096 660 3155 quam
688 3080 792 3157 quibus
819 3099 888 3138 usus
916 3091 962 3140 est
988 3080 1131 3159 exemplis
1160 3081 1325 3144 firmasset.

208 3182 321 3243 Etenim
344 3182 421 3260 quod
448 3182 523 3242 huno
544 3203 660 3245 uersum
688 3185 822 3245 asciscit:
847 3191 943 3245 adnuit
959 3205 1020 3244 sese
1041 3205 1145 3246 meeum
1166 3192 1327 3250 decernere

206 3293 287 3365 ferro
312 3288 354 3365 (ll
375 3288 410 3347 lr.
432 3287 500 3368 XI),
521 3290 662 3350 refutatur
678 3290 713 3351 ab
737 3307 773 3348 eo
797 3291 843 3350 cui
866 3291 1005 3350 debemus
1031 3290 1220 3367 fragmentum
1242 3295 1324 3355 Pris-

209 3397 292 3455 oiaao
315 3393 342 3454 X
363 3414 391 3474 p.
413 3394 474 3456 822
496 3396 527 3455 P.
547 3396 559 3455 l
578 3415 606 3474 p.
625 3395 686 3456 480
708 3395 770 3474 llr.,
793 3399 841 3476 qui
864 3413 901 3455 eo
918 3394 1056 3471 exemplo
1080 3400 1323 3461 ‘uetustissimos

208 3502 294 3562 etiam
309 3502 484 3581 produxisse
499 3501 696 3578 perlectorum
716 3502 744 3558 in
765 3507 794 3560 ui
815 3500 1005 3560 desinentium
1024 3503 1222 3578 penultimam’
1251 3525 1324 3566 con·

209 3611 309 3670 lirmat.
355 3609 400 3668 oe
429 3607 521 3668 altero
544 3615 640 3665 autem
661 3623 749 3664 uersu
775 3611 909 3666 Toreatai
932 3625 1034 3682 corpas
1054 3611 1125 3668 bonu
1145 3614 1256 3686 fairina
1281 3620 1325 3672 la-

207 3722 247 3775 uit
266 3727 293 3774 et
311 3720 394 3775 uncie
413 3712 468 3793 (lll
490 3712 525 3770 lr.
550 3711 633 3789 Vlll)
657 3712 725 3771 olim
747 3711 926 3771 intellectum
953 3719 1072 3770 estnec
1096 3713 1245 3785 Tarquinii
1267 3732 1325 3772 nec

145 3879 155 3890 „
209 3821 286 3899 quod
322 3820 466 3896 Bergklus
504 3816 595 3876 uoluit
625 3822 760 3894 Tarquini
791 3818 844 3878 sed
880 3822 1015 3875 Tarcuirn'
1039 3815 1191 3894 probatam
1222 3815 1325 3877 Ennio

208 3926 329 3986 [ormam
349 3943 426 3984 esse.
458 3924 591 4002 Denique
614 3923 728 3981 tertium
749 3922 925 3982 uersiculum
947 3924 1048 3981 nescio
1074 3940 1129 3999 qua
1144 3926 1324 3984 auctoritate

209 4030 352 4107 Bergkius
380 4030 418 4088 ita
450 4030 597 4104 citauerit‚
631 4033 756 4104 repletur
776 4031 910 4086 Imbrinm
937 4033 1066 4104 fremitu.-
1095 4028 1216 4087 Seruius
1244 4032 1324 4088 enim

210 4154 296 4213 quern
325 4135 374 4194 ille
402 4144 550 4194 auctorem
577 4134 704 4193 laudauit
732 4133 776 4212 (in
800 4133 908 4209 Georg.
935 4132 947 4191 l
975 4132 1026 4203 12)
1048 4133 1086 4190 ita
1111 4132 1218 4190 refert:
1252 4120 1324 4210 oper

209 4246 333 4317 oppletus
353 4245 478 4299 imbrium
495 4243 622 4314 freminr:
659 4256 733 4316 quae
751 4255 835 4298 nemo
859 4239 1001 4298 annalium
1027 4255 1095 4296 esse
1120 4245 1244 4297 testatur
1266 4257 1322 4297 nec
