2770 4946
576 301 931 360 runoonurnnvn
1034 285 1039 292 ‘

737 469 772 538 V

299 571 370 644 Se'd
398 571 475 644 mihi
506 571 724 666 neutiquam
754 573 812 644 cor
842 572 1005 645 consentit
1033 593 1105 644 cum
1135 578 1325 649 oculorum

360 671 365 682 ’
861 676 1001 766 aspectus
1051 730 1059 746 .
1113 732 1122 748 .

608 769 888 881 'nnumnuun

716 911 785 984 ΓΗ

302 1067 310 1085 .
364 1016 467 1085 miter
486 1015 628 1108 grauida
644 1017 763 1108 parere
782 1039 820 1086 se
842 1013 1011 1122 ardentem
1032 1019 1134 1088 facem

299 1117 385 1188 Visa
405 1119 457 1188 est
480 1119 512 1188 in
535 1120 661 1189 somnis
681 1120 834 1190 Hecuba:
863 1142 929 1212 quo
949 1120 1018 1190 fato
1042 1127 1136 1210 pater

296 1221 370 1292 Rex
388 1222 461 1314 ipse
479 1222 630 1297 Priamus
651 1224 798 1309 somnio,
827 1224 946 1292 mentis
967 1227 1054 1292 metu

229 1335 270 1395 60
298 1323 496 1410 PerculsuS,
526 1326 615 1396 curis
631 1327 785 1418 sumptus
802 1325 1056 1418 suspirantibus
1075 1369 1081 1380 ·

299 1428 558 1499 Exstcnocaoat
580 1429 698 1500 hostiis
722 1429 919 1500 balantibus.

299 1533 383 1604 Turn
404 1532 626 1604 coniecturam
645 1533 795 1625 postulat
813 1534 931 1624 pace'm
951 1536 1077 1624 petens

297 1635 344 1705 Vt
362 1657 400 1706 se
417 1635 572 1706 edoceret
591 1638 772 1708 obsecrans
789 1636 988 1727 Apollinem,

295 1737 370 1824 Quo
388 1739 465 1810 sese
482 1743 612 1810 uertant
628 1741 738 1810 tantae
759 1745 868 1810 sortes
889 1739 1061 1810 so'mnium.

226 1850 266 1912 65
293 1841 339 1913 lbi
359 1842 403 1914 ex
423 1842 534 1912 oraclo
554 1842 638 1914 uoce
659 1843 771 1914 diuina
788 1843 890 1913 edidit

295 1944 435 2036 Apollo,
462 1967 603 2038 puerum
620 1946 746 2038 primus
768 1946 899 2017 Priamo
922 1939 1086 2038 qui'ioret

295 2047 376 2118 Post
395 2049 581 2136 maratus,
610 2050 809 2142 temperaret
829 2049 965 2119 toliere:

294 2151 378 2222 Eum
398 2152 474 2222 esse
497 2153 632 2223 exitium
650 2153 784 2238 Troiae,
811 2156 940 2245 pestem
959 2149 1135 2241 Pergamo.
1156 2221 1163 2230 ,

295 2355 425 2426 Volans
447 2356 488 2426 de
508 2359 601 2428 caelo
624 2359 699 2429 crim
719 2380 844 2430 corona
865 2361 899 2426 et
917 2354 1035 2426 taeniis

224 2538 248 2586 V
268 2537 355 2590 Cicero
367 2541 447 2590 Acad.
459 2555 498 2606 pr.
510 2542 533 2589 11
545 2537 586 2601 17,
597 2541 630 2592 52
649 2543 732 2605 ‘quod
742 2541 810 2591 idem
821 2541 945 2607 contingit
955 2540 1061 2599 insanis,
1078 2544 1105 2587 ut
1116 2545 1140 2588 et
1149 2536 1320 2600 incipientes

190 2607 273 2660 furere
286 2611 395 2660 sentiant
407 2617 432 2660 et
445 2609 531 2659 dicant
543 2611 649 2674 aliquid,
668 2612 737 2675 quod
751 2626 801 2660 non
816 2612 858 2670 sit,
877 2611 904 2660 id
917 2611 1000 2671 uideri
1013 2609 1077 2667 sibi;
1096 2615 1120 2657 et
1133 2621 1201 2655 oum
1215 2609 1296 2658 reia
1305 2640 1319 2648 -

189 2686 317 2739 xentur,
340 2680 449 2730 sentiant
468 2685 543 2744 atque
560 2681 605 2730 ilia
626 2680 710 2730 dicant
730 2681 943 2732 Alcmaeonis
963 2675 1038 2745 [56].ι
1070 2677 1167 2727 Ibidem
1179 2677 1317 2737 1127,oe

190 2749 263 2797 ‘cum
282 2756 446 2815 experrectus
467 2757 534 2800 esset
552 2749 648 2800 Ennius
667 2766 718 2800 uon
737 2767 765 2800 se
785 2751 883 2799 uidisse
895 2749 1048 2808 Homerum,
1073 2747 1119 2797 sed
1133 2747 1219 2796 uisum
1237 2762 1314 2802 esse.

188 2817 322 2867 Alcmaeo'
348 2818 492 2885 (attineo
513 2817 577 2869 Gud.
603 2820 719 2870 altmeo
738 2817 806 2883 Eri.)
828 2823 941 2870 ‘autem:
966 2819 1024 2869 sed
1111 2819 1314 2870 consentit.'

188 2887 277 2937 Festus
297 2903 324 2953 p.
350 2887 399 2940 165
421 2889 454 2940 Μ.
482 2890 692 2954 ‘neutiquam
715 2889 773 2956 [pro
787 2887 856 2938 nuilo
871 2889 947 2939 modo
962 2889 1013 2938 dici
1028 2888 1100 2938 testis
1115 2893 1152 2936 est
1169 2883 1223 2954 .·..]
1246 2901 1310 2936 cnm

188 2957 236 3007 sic:
255 2957 303 3007 sed
317 2994 645 3010 .....................
660 2961 741 3009 lorum
755 2959 861 3025 aspect!
890 2957 929 3008 Gi,
945 2957 981 3007 1v

223 3026 398 3077 Anuxsuossu
441 3029 452 3077 1
482 3027 569 3079 Cicero
590 3029 622 3078 dc
641 3030 693 3080 diu.
716 3029 796 3089 121,
817 3030 852 3079 42
879 3028 956 3078 ‘haec
979 3027 1055 3078 etiam
1078 3025 1101 3074 si
1123 3024 1182 3072 ficta
1205 3031 1266 3072 sunt
1290 3040 1308 3073 a

188 3099 277 3161 poeta,
299 3111 349 3146 nou
368 3097 458 3147 absunt
472 3106 555 3147 tamen
575 3099 787 3149 sconsuetudine
801 3099 965 3148 somniorum.
1000 3096 1039 3146 su
1058 3109 1121 3144 sane
1141 3095 1217 3143 etiam
1237 3095 1307 3143 iilud

166 3167 403 3228 ¹commenticium,
445 3182 494 3231 quo
516 3167 631 3217 Priamus
654 3176 692 3219 cst
716 3168 895 3227 conturbatus,
933 3168 994 3230 quia
1020 3171 1126 3216 mater
1147 3163 1306 3229 grauida'

187 3251 209 3284 e.
226 3251 251 3299 q.
268 3250 289 3284 s.
318 3237 394 3300 quia
407 3235 536 3288 Ciceronis
551 3252 608 3288 esse
623 3237 651 3289 0.
668 3239 824 3289 Ribbeckius
840 3235 980 3296 intellexit3
1000 3235 1090 3285 eodem
1109 3241 1212 3282 auctore
1224 3233 1306 3282 Ennii

187 3305 334 3356 Alexandro
351 3308 459 3373 ascripsi
474 3305 644 3374 fragmentum
713 3309 737 3358 ΙΙ
756 3309 846 3359 Festus
860 3323 886 3374 p.
899 3305 950 3360 360
964 3306 998 3356 Μ.
1019 3303 1162 3355 ‘taenias
1177 3302 1303 3353 Graecam

227 3453 261 3510 56
280 3465 315 3504 ne
331 3450 455 3521 utiquam
471 3447 531 3504 Eri.
548 3449 603 3506 Cic.
618 3450 706 3504 Acod.
728 3447 765 3504 ΙΙ
775 3453 821 3510 88.
844 3449 1005 3522 nentiquam
1030 3445 1099 3503 Greci.
1115 3445 1189 3500 ibid.
1211 3444 1303 3500 neuti-

186 3551 269 3606 quam
289 3537 375 3590 ceteri
456 3550 505 3588 cor
527 3535 609 3590 sentit
627 3533 690 3590 Eri.
707 3533 863 3591 Ciuicam
886 3533 924 3610 Ii
939 3537 975 3592 88
1060 3533 1093 3589 57
1124 3531 1189 3602 quia
1211 3535 1302 3585 mater

184 3621 266 3693 uulyo
351 3624 386 3678 58
400 3620 455 3676 isto
468 3619 608 3688 Haterius,
624 3617 654 3675 0.
666 3619 839 3679 Ruoectauc.
854 3619 927 3675 iacto
941 3618 1005 3674 libri
1108 3621 1144 3676 62
1159 3616 1302 3680 coniectu·

185 3720 245 3760 ram
265 3703 343 3760 uad.
365 3710 391 3759 et
410 3704 473 3759 odd.
493 3705 556 3776 aliq.
579 3703 680 3759 Orellii.
707 3706 898 3760 coniecturum
919 3703 981 3758 Erl.
1009 3700 1088 3758 Veto.
1109 3701 1300 3755 coniectorem

184 3792 270 3845 ceteri
371 3792 406 3847 63
431 3789 546 3844 doceret
575 3788 655 3846 Vena.
676 3787 929 3861 comodamente·
1011 3787 1170 3857 apollonem
1192 3784 1257 3840 Eri.

226 3873 512 3934 oisomniorumErl.
596 3875 827 3934 osoraculourt.
899 3887 997 3928 uocem
1011 3871 1135 3927 diuinam
1148 3869 1303 3926 ατΕἱὸωεί

182 3959 316 4017 Daumius
399 3958 512 4014 diuinae
529 3957 693 4014 deditLeid.
776 3958 900 4029 soprius
919 3956 1000 4014 Vinci.
1082 3957 1118 4015 67
1129 3960 1301 4026 temperaret

183 4047 281 4100 tollere
295 4043 356 4100 coci.
374 4043 470 4113 Vorsii‚
492 4042 572 4099 Vinci.
587 4061 624 4099 m.
634 4061 693 4114 pr„
707 4059 761 4097 om.
774 4044 836 4098 cod.
848 4042 878 4098 S.
898 4042 1021 4098 Victores.
1036 4045 1183 4112 temptaret
1198 4040 1300 4095 tollere

88 4135 92 4152 '
182 4129 304 4185 Parate
325 4128 388 4184 Eri.
408 4134 533 4199 tempora
555 4130 687 4184 extollere
708 4128 788 4186 Vinci.
808 4145 844 4183 m.
865 4127 913 4182 uit.
934 4134 1061 4198 tempora
1082 4132 1108 4180 et
1127 4126 1225 4180 tollere
1241 4126 1297 4182 olii.

182 4221 308 4285 temporo
322 4213 397 4268 huno
412 4213 436 4267 si
450 4213 558 4267 tolieret
570 4214 653 4285 uulso
