2796 4948
482 357 805 416 EPIGRAMMATA
1139 355 1201 422 108

625 521 654 594 Il

147 665 168 724 5
194 655 257 724 ilic
276 659 327 725 est
346 655 401 726 ille
423 655 524 740 silus,
552 655 604 726 eui
622 677 720 726 nemo
742 655 825 726 ciuis
847 677 956 750 neque
975 655 1081 727 hostis

245 757 357 842 Quiuit
372 781 435 852 pro
455 759 551 828 lactis
569 756 708 829 reddere
729 759 803 852 opis
823 759 975 852 pretium.

623 908 666 978 ΙΙΙ

193 1038 225 1107 A
242 1037 316 1106 sole
336 1037 506 1108 exoriente
527 1058 631 1128 supra
646 1037 785 1108 Maeotis
804 1037 944 1129 paludes
1027 1087 1031 1096 ·

243 1140 347 1210 Nemo
369 1144 420 1211 est
441 1139 496 1234 qui
515 1140 612 1210 iactis
633 1161 686 1212 me
703 1140 919 1234 aequiperare
941 1142 1051 1233 queat.

192 1241 299 1313 Silas
318 1243 404 1314 endo
423 1244 545 1336 plagas
567 1243 746 1314 caelestum
766 1242 945 1314 ascendere
964 1242 1115 1334 cuiquam
1138 1245 1200 1328 esi,

123 1354 164 1416 10
242 1344 286 1414 Mi
302 1345 366 1416 soli
386 1345 469 1416 caeli
486 1346 629 1417 maxima
650 1350 747 1438 porta
768 1348 867 1436 patet.

85 1544 218 1594 celebrent
235 1543 326 1594 lunera
345 1559 402 1594 cum
422 1545 538 1610 gemitu!
572 1543 643 1596 Idem
659 1544 713 1596 Cat.
727 1547 787 1596 mai.
802 1545 846 1607 20,
861 1543 895 1598 73
913 1543 1030 1596 ‘SolonIs
1045 1543 1148 1608 quidem
1161 1559 1203 1596 sa-

85 1613 185 1680 pientia
205 1613 317 1679 elogium
337 1621 390 1676 est,
411 1628 460 1677 quo
483 1631 511 1664 se
528 1621 604 1680 negat
623 1614 691 1664 uelle
709 1631 782 1665 suam
798 1623 904 1665 mortem
920 1613 1008 1664 dolore
1024 1615 1162 1664 amicorum
1178 1621 1203 1665 et

85 1683 208 1733 lamentIa
228 1697 329 1734 uacare.
360 1682 422 1732 Volt
439 1684 514 1734 credo
532 1699 561 1734 se
579 1699 636 1735 esse
654 1697 740 1734 carum
760 1686 829 1736 auis:
849 1684 896 1735 sed
916 1684 978 1734 haut
992 1685 1046 1734 scio
1061 1698 1093 1733 an
1109 1684 1202 1734 melius

84 1753 200 1802 Ennius:
229 1766 303 1803 nemo
393 1751 476 1802 laxit'
549 1754 572 1803 Il
600 1751 697 1804 Seneca
719 1753 802 1819 Epist.
827 1769 890 1804 mor.
916 1753 1002 1803 XVIII
1019 1757 1035 1807 5
1053 1750 1145 1820 (108),
1168 1751 1201 1804 32

86 1821 202 1872 ‘deinde
221 1821 361 1872 Ennianos'
392 1821 582 1888 (Ennianos
608 1824 673 1872 coni.
700 1823 845 1873 Pincianus.
871 1823 983 1872 Inanes
1003 1821 1093 1872 Bamb.
1116 1821 1200 1872 Guelt.

84 1891 173 1941 Rehd.
193 1892 219 1940 in
237 1890 328 1954 litura,
348 1891 521 1942 amnestiam.
538 1899 562 1942 et
575 1893 633 1943 cdd.
649 1889 763 1957 Gruteri)
787 1893 901 1958 ‘colligit
918 1906 1008 1942 uersus
1025 1899 1049 1942 et
1067 1891 1093 1940 in
1111 1891 1202 1957 primis

86 1959 149 2010 illos
166 1960 198 2009 de
213 1959 334 2011 Africano
347 1961 469 2027 scriptos:
489 1963 530 2010 cui
544 1963 630 2011 nemo·
651 1977 673 2011 e.
688 1978 713 2024 q.
728 1977 750 2011 s.
772 1965 820 2012 ‘ex
833 1977 862 2012 eo
876 1976 904 2011 se
919 1962 954 2011 ait
968 1961 1117 2027 intellegere
1133 1959 1203 2025 apud

86 2031 209 2092 antiquos
226 2043 278 2078 non
289 2037 386 2080 tantum
400 2030 525 2080 auxilium
537 2030 698 2097 significasse
716 2044 809 2096 opem
825 2031 871 2082 sed
885 2043 1004 2096 operam:
1023 2030 1059 2078 ait
1072 2029 1139 2080 enirn
1152 2029 1203 2080 En-

86 2100 147 2148 nius
163 2099 290 2148 neminem
302 2101 417 2166 potuisse
427 2099 543 2167 Scipioni
559 2115 641 2164 neque
655 2101 738 2150 ciuem
751 2115 834 2164 neque
848 2100 948 2150 hostem
962 2097 1069 2150 reddere
1085 2112 1203 2164 operae

86 2167 250 2234 pretinm!
276 2166 334 2236 (Sic
350 2170 448 2220 restitui
471 2171 567 2220 locum:
589 2172 614 2219 In
629 2185 704 2233 quem
722 2171 864 2236 scripturae
877 2169 1050 2234 discrepando
1067 2167 1132 2217 haec
1150 2173 1202 2217 est:

86 2251 154 2287 non
173 2251 301 2302 superscr.
322 2239 349 2287 iu
369 2237 453 2304 Guell.
526 2253 617 2304 opem
633 2253 683 2288 om.
698 2239 763 2288 libri·
827 2236 883 2289 sed
906 2253 1004 2304 opera
1023 2238 1077 2286 ait.
1100 2249 1204 2302 opera

87 2307 224 2357 enimin
245 2307 313 2356 eius
335 2309 494 2359 neminem
512 2307 602 2358 Bamb.
618 2307 702 2358 Guell'.
729 2308 793 2376 (nisi
814 2307 883 2372 quod
901 2308 931 2356 iu
953 2320 1003 2357 om.
1023 2302 1124 2370 Guell'.)
1143 2305 1203 2356 sed

88 2391 231 2442 operam.
252 2377 400 2447 aitxenim
418 2378 573 2427 nemiuem
586 2377 668 2427 Rehd.
685 2377 771 2427 aVat.
791 2374 838 2442 ζφ
857 2377 912 2425 Pal.
937 2371 1202 2437 reparatemur.

87 2445 147 2495 sed
166 2459 297 2510 operam
311 2447 365 2495 ait.
382 2447 569 2512 operaeius
583 2448 741 2496 neminem
755 2447 814 2496 Vat.
829 2461 857 2510 q.
879 2444 936 2496 sed
955 2459 1053 2510 opera
1067 2445 1204 2494 eiusne-

86 2515 205 2564 minem
223 2516 282 2564 Vat.
298 2529 326 2564 α.
349 2516 407 2565 sed
425 2530 565 2580 operam.
589 2517 635 2565 ait
656 2517 791 2566 enimin
812 2517 884 2565 eius
907 2514 1068 2564 neminem
1091 2512 1155 2562 Vrb.
1175 2527 1202 2561 u.

87 2583 147 2633 sed
170 2598 271 2649 opera
290 2585 346 2632 ait.
367 2597 464 2650 opera
482 2585 566 2634 enim
580 2585 651 2634 eius
665 2586 696 2634 in
712 2586 871 2634 neminem
885 2583 941 2632 Pal.
957 2580 1073 2631 urant
1092 2581 1202 2632 Gruteri.

87 2653 147 2703 sed
164 2667 265 2718 opera
284 2653 339 2702 ait.
361 2667 461 2719 opera
478 2654 648 2704 eiuseuim
662 2655 692 2703 in
708 2655 865 2704 neminem
878 2652 954 2702 Alex.
971 2665 995 2699 τ.
1015 2650 1073 2700 sed
1093 2665 1202 2720 opera.

87 2723 173 2774 enim
192 2723 237 2771 ait
255 2723 442 2787 operosius
456 2724 613 2772 neminem
627 2723 685 2772 Vat.
700 2736 721 2771 e.
742 2723 797 2771 aed
818 2735 957 2789 operam.
980 2721 1026 2768 ait
1045 2719 1128 2769 enlm
1147 2734 1204 2770 ne—

86 2793 203 2840 minem
223 2789 437 2854 Pateor-uteri,
458 2791 511 2842 Col.
538 2792 752 2858 sedoperam.
774 2791 822 2840 ait
842 2789 1040 2857 operaenim
1061 2789 1205 2839 eiusne·
1256 2838 1259 2848 ,

87 2862 206 2909 minem
218 2859 274 2909 Pal.
290 2859 307 2908 4
323 2859 433 2911 Gruteri.
453 2861 509 2910 sed
529 2875 673 2926 operam,
691 2862 736 2910 ait
750 2859 944 2926 operaenim
959 2859 1028 2908 eius
1047 2857 1204 2908 neminem

87 2929 205 2978 Pinciani
217 2937 291 2978 uetus
306 2929 382 2980 lectio
433 2929 597 2996 Scipioni]
614 2929 804 2996 ScipIonem
817 2929 907 2979 Bamb.
923 2927 1007 2978 Guell'.
1023 2924 1204 2976 Vrb.oPal.d

87 2999 143 3048 Pal.
164 2999 176 3048 l
191 3005 216 3048 et
228 3000 246 3047 4
260 2998 369 3049 Gruteri.
386 3001 418 3048 in
435 2998 625 3065 ScipIonem
640 3000 694 3048 Pal.
710 3001 726 3049 2
741 2997 854 3060 Gmteri,
876 2997 930 3048 Col.
987 2996 1044 3046 sed
1059 3009 1203 3062 operam.

88 3068 252 3118 neminem
267 3069 349 3118 enim
363 3083 467 3131 neque
485 3069 589 3118 ciuem
604 3083 708 3130 neque
722 3067 846 3118 hostem
860 3067 1009 3134 potuisse
1028 3067 1058 3115 iu
1071 3064 1205 3132 Scipio-

87 3152 157 3186 nem
171 3136 313 3186 reddere
324 3138 383 3187 Vat.
397 3135 428 3202 χ)
464 3137 552 3188 Cicero
566 3137 598 3186 de
611 3137 662 3202 leg.
676 3138 755 3198 1122,
772 3139 805 3188 57
826 3136 951 3188 ‘declarat
970 3135 1039 3186 enirn
1052 3135 1150 3184 Ennius
1168 3135 1201 3186 de

89 3206 227 3255 Africano:
247 3205 290 3254 hic
309 3215 348 3256 est
369 3206 414 3256 ille
432 3208 514 3256 situs.¹
545 3207 616 3256 Hanc
630 3207 782 3272 particulam
797 3208 821 3256 in
839 3221 917 3256 onum
933 3205 1045 3270 elogium
1058 3220 1116 3254 cum
1128 3219 1205 3270 snpe-

88 3275 202 3324 rioribus
217 3275 349 3326 coniunxit
363 3277 401 3335 is,
421 3291 496 3339 quern
511 3275 634 3325 Columna
647 3283 675 3324 ut
689 3277 794 3340 sospitis
811 3275 973 3332 dissimulet,
993 3273 1110 3338 Scaliger
1123 3273 1203 3323 Gatel.

86 3360 114 3408 p.
132 3343 183 3394 187
256 3344 292 3392 lll
317 3345 406 3394 Cicero
418 3345 494 3394 Tusc.
515 3344 583 3410 disp.
603 3347 627 3394 V
649 3345 690 3404 17,
710 3344 746 3395 49
769 3346 809 3395 ‘et
825 3352 862 3395 est
880 3345 906 3393 in
925 3343 1012 3405 aliqua
1029 3343 1083 3391 uita
1101 3342 1205 3408 praedi-

88 3413 173 3462 cabile
187 3412 288 3475 aliquid
306 3421 330 3462 et
342 3413 505 3479 gloriandum
524 3429 554 3463 ac
567 3429 629 3480 prae
647 3429 675 3463 se
691 3412 841 3473 ferendum,
861 3422 889 3462 ut
902 3411 1096 3477 Epaminondas
1177 3419 1205 3460 ut

89 3483 242 3533 Africanus:
262 3479 299 3546 [7.
316 3481 364 3546 8].’
393 3483 558 3534 Mamertinus
578 3482 694 3534 Genethl.
717 3499 740 3532 c.
754 3482 788 3534 lo
809 3482 849 3548 (p.
866 3481 915 3531 155
936 3476 1074 3544 Arn'taen.)
1096 3480 1204 3530 ‘etenim

128 3662 146 3715 o
170 3656 260 3726 quiuit
282 3655 343 3710 Vot.
366 3654 471 3727 ζφέιι
494 3673 557 3728 nsp,
578 3656 743 3727 Stephanus.
766 3656 811 3725 qui
835 3656 894 3708 uult
914 3652 978 3707 libri
996 3653 1082 3708 ceteri
1100 3665 1203 3706 manes.

89 3741 175 3812 quibit
190 3739 350 3802 Ptoeionua.
368 3739 492 3810 Scultper
577 3742 711 3810 prolectIs
727 3738 818 3810 Guelf.
830 3744 856 3792 et
871 3739 935 3808 (pro
951 3736 1030 3789 laetis
1045 3738 1204 3806 euperem.)

91 3824 190 3878 Bomio.
277 3822 398 3878 reddere
413 3825 475 3894 opis
491 3824 621 3894 pretium]
643 3823 764 3879 reddere
787 3820 1025 3892 operaepretium
1044 3818 1108 3872 libri
1119 3821 1204 3888 pleri-

89 3923 151 3979 que.
174 3923 280 3977 operae
297 3907 417 3962 reddere
437 3908 557 3978 predum
574 3907 663 3962 Reae
679 3925 708 3964 a.
726 3905 847 3962 reddere
870 3919 973 3976 operae
992 3903 1135 3974 praecium
1152 3907 1205 3956 Ar-

89 3999 162 4062 pent.
177 4007 207 4045 a.
222 3989 344 4045 reddere
364 4007 450 4061 oprae
465 3992 583 4061 pretium
599 3990 710 4062 Lipsius
726 3997 753 4047 et
766 3991 824 4046 ulii·
839 3987 879 4061 cf.
893 4002 983 4058 supro
1070 3989 1086 4044 7
1107 3989 1204 4055 supra]

92 4075 220 4144 adusque
235 4073 419 4130 Mamertinae
505 4073 660 4130 Maeotides
684 4081 741 4130 tres
763 4073 853 4129 Omen.
873 4069 1034 4127 Maeotidas
1055 4069 1118 4124 edd.
1139 4070 1205 4140 olr‘q.

91 4165 197 4213 ueteres
282 4162 300 4216 8
319 4173 363 4212 me
386 4175 440 4212 om.
456 4157 527 4229 Req.
542 4158 617 4214 Piti.
632 4173 685 4213 sex
702 4157 791 4213 timon.
807 4159 907 4229 alitque
926 4153 990 4209 libri
1072 4153 1205 4222 aequipe-

93 4257 154 4297 rare
175 4241 251 4296 Pitlr.
272 4242 439 4314 equiparare
457 4241 526 4314 Bep.
612 4245 630 4300 9
651 4241 675 4296 si
692 4243 735 4296 ias
754 4241 830 4296 endo
845 4242 945 4312 plagas
965 4237 1119 4292 coelestum
1134 4251 1206 4292 unua

930 4331 998 4394 ll*
