2752 4944
503 363 746 435 nerrovrne
1137 357 1177 424 m

539 528 708 604 XLVIII*

167 637 350 730 Postquam
370 635 520 708 considit
542 636 666 710 lluuius
688 633 743 728 qui
770 637 821 704 est
844 633 987 704 omnibu'
1011 636 1175 728 princeps,

169 740 232 825 Qui
256 739 318 810 sub
341 741 495 810 caeruleo
795 801 798 810 ,

555 836 684 910 XLIX*

93 955 138 1015 70
167 997 427 1015 .....
482 945 581 1035 lupus
596 942 719 1012 semina
735 943 803 1014 ieta
821 947 956 1035 repente

592 1060 648 1132 L*

166 1163 341 1257 Vergilius
362 1165 446 1234 Aen.
465 1163 541 1234 VIII
560 1173 622 1236 630
651 1168 791 1236 ‘feceret
810 1168 844 1236 et
864 1165 960 1236 uiridi
980 1166 1080 1236 letam
1100 1163 1175 1234 Ma-

56 1267 169 1337 uortis
199 1268 232 1337 in
264 1271 359 1338 antro
380 1267 602 1338 Procubuisse
630 1269 758 1361 lupam:
795 1269 948 1362 geminos
969 1269 1046 1338 huie
1071 1269 1175 1338 ubera

57 1372 184 1440 circum
207 1371 338 1440 Ludere
364 1372 538 1462 pendentis
562 1393 703 1462 pueros,
734 1375 767 1442 et
791 1373 935 1443 lambere
958 1376 1094 1442 matrem
1117 1370 1174 1440 ln·
1280 1385 1283 1390 '

57 1474 203 1564 pauidos
210 1498 220 1562 ;
261 1474 352 1544 illam
376 1475 470 1546 tereti
502 1475 631 1545 ceruice
661 1476 820 1546 reflexam
842 1476 987 1546 llluleere
1017 1476 1172 1558 altemos

58 1581 92 1646 et
123 1599 268 1669 corpore
292 1577 421 1670 fingere
450 1579 586 1670 lingue!
625 1577 765 1649 Seruius
794 1579 827 1648 in
856 1579 887 1648 lt.
916 1579 936 1648 l.
964 1585 1061 1648 ‘sane
1083 1581 1174 1647 totus

57 1679 112 1749 hio
131 1681 228 1750 loeus
247 1680 417 1751 Ennianus
439 1682 510 1752 est!

637 1795 653 1834 tl

165 1901 232 1972 Fici
252 1902 430 1973 dulciferae
448 1799 727 1972 lactantelslubere
746 1904 817 1972 toto

167 2121 293 2215 [Cliuis]
315 2125 492 2210 decedunt,
520 2021 841 2218 riuobldnmposque·
855 2126 1033 2192 remanant.

61 2325 147 2375 Vnus
171 2328 233 2375 erit
254 2341 344 2389 quem
363 2333 395 2374 tu
415 2326 518 2376 tolles
540 2327 572 2376 iu
591 2325 725 2377 caerula
742 2325 828 2375 coeli
860 2324 899 2374 Tu
913 2323 976 2372 mlhi
997 2323 1101 2373 dixisti:
1122 2323 1173 2372 sint

60 2402 113 2444 rato
126 2397 198 2446 dieta
212 2396 299 2446 louis.’
370 2395 477 2444 XLVIII
496 2397 588 2446 Fronto
603 2397 685 2461 Epist.
700 2397 732 2446 de
746 2402 808 2445 oret.
824 2392 909 2461 peto
922 2393 963 2443 ed.
975 2393 1047 2443 Rom.
1068 2397 1108 2459 (p.
1122 2391 1172 2442 129

60 2463 149 2530 Nieb.)
177 2465 268 2515 ‘Tiber
286 2465 368 2514 omnis
381 2471 406 2514 et
420 2465 537 2516 dominus
550 2473 574 2517 et
588 2466 719 2516 fluentium
734 2467 801 2516 olroa
819 2471 938 2530 regnator
954 2464 1087 2512 nudorum.
1122 2461 1172 2511 Eu-

61 2535 130 2584 nius:
158 2536 306 2602 p'ostquam’
332 2551 355 2583 e.
376 2551 400 2598 q.
427 2549 448 2584 s.
482 2535 571 2587 Cicero
589 2533 657 2586 Oret.
679 2535 723 2596 48,
746 2535 794 2587 161
821 2535 871 2582 ‘itu
897 2533 965 2582 enim
989 2533 1170 2594 loquebamur:

61 2606 112 2664 qui
135 2612 185 2654 est
205 2604 336 2654 omnibu
358 2605 527 2670 princeps,
558 2621 608 2654 non
635 2607 752 2656 omnibus
779 2603 917 2670 princeps!
954 2601 1008 2650 IIue
1028 2601 1105 2650 refert
1129 2601 1169 2650 ed.

61 2673 129 2738 Lips.
204 2674 288 2724 XLIX
307 2673 412 2722 Seruius
426 2675 451 2722 in
465 2675 529 2729 Aen.
546 2676 569 2726 ll
583 2673 635 2727 355
658 2679 736 2736 ‘sone
758 2673 828 2738 opud
847 2680 946 2721 ueteres
966 2669 1041 2736 lupus
1062 2671 1171 2735 promis-

61 2758 134 2792 cuum
161 2753 230 2804 erut,
253 2744 363 2792 Ennius:
384 2743 474 2808 lupus’
495 2762 517 2796 e.
533 2762 558 2808 q.
575 2761 597 2794 s.
628 2747 718 2796 Festus
736 2759 763 2808 p.
781 2739 879 2793 28611.
901 2739 1078 2790 ‘reotolronte
1094 2777 1099 2788 .
1117 2776 1123 2788 .
1139 2776 1169 2787 ..

60 2815 179 2876 antiquae
195 2814 223 2863 id
236 2813 426 2862 consuetudinis
442 2813 490 2862 luit
505 2824 532 2864 ut
550 2831 607 2864 curn
628 2817 663 2864 uit
678 2814 775 2863 Ennius
791 2827 891 2876 quoque
909 2846 1006 2859 .....
1033 2817 1057 2858 et
1072 2807 1171 2874 lupus

62 2881 142 2932 sets)
189 2881 360 2940 Quintilianus
381 2882 432 2942 16,
450 2884 481 2933 12
510 2884 601 2950 ‘lupus
620 2884 805 2942 masculinum,
827 2895 980 2945 quemquam
998 2881 1079 2929 Varro
1097 2881 1122 2928 in
1141 2893 1170 2928 eo

62 2950 123 3001 libro
145 2967 196 3016 quo
216 2953 289 3002 initio
309 2952 437 3001 Romanae
457 2954 527 3003 urbis
550 2961 650 3004 enarret
670 2953 779 3020 lupum
799 2951 959 3002 feminam
982 2951 1043 2999 dicit
1062 2949 1171 2998 Ennium

62 3020 236 3084 Pictoremque
250 3021 357 3070 Fabium
376 3024 496 3072 seeutus’
528 3023 566 3074 ot.
583 3024 672 3074 Festus
687 3039 713 3088 p.
728 3022 787 3072 150.
807 3021 901 3070 Paulus
916 3036 942 3085 p.
954 3018 971 3069 6
984 3027 1008 3068 et
1019 3019 1053 3070 60
1065 3017 1098 3068 M.
1123 3017 1171 3068 Co-

63 3086 160 3142 lumnae
175 3092 282 3142 debetur
296 3091 359 3140 hoec
374 3091 494 3141 uersiculi
514 3093 588 3142 sedes
658 3092 691 3141 LI
712 3091 843 3142 Charisius
855 3091 867 3139 I
881 3106 907 3155 p.
919 3087 968 3140 103
978 3089 1005 3138 P.
1023 3085 1170 3154 (741111.)

63 3159 131 3210 ‘liei
145 3161 258 3210 Ennius:
279 3160 335 3210 lici'
356 3177 378 3209 e.
393 3177 418 3224 q,
435 3176 456 3210 s.
494 3162 636 3211 ‘Lucilius:
656 3161 698 3210 fiei
713 3160 883 3220 'comeduntur
897 3168 921 3209 et
932 3160 1017 3208 uuae!
1047 3157 1087 3207 Ad
1109 3172 1170 3207 eun-

64 3229 117 3280 dern
137 3231 288 3280 Columnam
308 3228 379 3279 loeus
404 3229 541 3298 lregmenti
559 3232 624 3282 redit
693 3231 739 3280 LII
759 3231 848 3280 Festus
874 3246 900 3295 p.
919 3227 970 3280 282
987 3229 1021 3278 M.
1051 3232 1171 3278 ‘remo-

99 3425 135 3480 68
161 3421 291 3477 consistit
310 3421 337 3476 J.
358 3421 504 3479 Beckerus
522 3423 640 3496 prem.
658 3421 752 3478 Murb.
777 3425 845 3482 18⁴9
861 3437 894 3494 p.
913 3426 975 3482 sot.
996 3421 1111 3478 oonsisti
1138 3435 1168 3476 se

63 3501 163 3561 Fronto
250 3507 297 3578 qui
315 3512 358 3562 est
376 3509 490 3564 omnibu
509 3507 613 3564 Cicero.
637 3509 683 3580 qui
705 3509 829 3564 omnium
849 3508 953 3562 Fronto
1057 3509 1093 3565 69
1122 3505 1168 3576 qui

63 3590 110 3643 sub
128 3593 262 3646 caeruleo
284 3591 321 3649 Η.
341 3591 485 3666 Ilberqius.
508 3594 554 3664 qui
577 3595 629 3649 sub
651 3594 745 3648 ciuilia
762 3594 874 3649 Fronto.
897 3592 944 3662 qui
969 3591 1168 3646 subeaeruleus

63 3672 88 3724 J.
108 3675 255 3732 Becker-us
341 3677 517 3750 equitandum
536 3680 595 3734 uel.-
630 3680 747 3733 uoluunt
767 3693 819 3734 sua
844 3675 960 3732 flumina
981 3676 1060 3729 eaelo

64 3757 95 3814 to
118 3761 191 3815 taeta
213 3760 326 3820 Caeseti.
348 3761 442 3818 Sentii
542 3764 575 3821 71
601 3762 648 3817 fioi
675 3763 828 3818 dulcisonae
854 3761 915 3816 eod.
941 3759 1094 3814 dulciteree
1122 3757 1168 3814 liei

63 3845 139 3914 uulqo
246 3848 280 3904 72
291 3847 371 3902 eliuis
386 3846 537 3915 decedunt]
549 3847 650 3902 desunt
660 3848 718 3904 eod.
726 3848 808 3914 Festi,
820 3863 873 3902 om.
885 3844 998 3900 Paulus.
1011 3843 1046 3898 de
1060 3859 1168 3899 summo

63 3925 241 3984 Doedertinur
252 3931 352 3986 uenat.
364 3947 425 3988 uoo.
437 3934 614 4004 emp-178·
628 3932 757 3988 desubito
769 3927 1167 4002 linquuntBerylciusEpltm

64 4010 106 4065 litt.
117 4013 184 4072 Hui.
203 4015 388 4075 1111111139
473 4024 581 4072 remant
596 4017 694 4072 Festus
779 4017 929 4071 destituunt
946 4014 1022 4068 riuos
1039 4027 1168 4082 campos·

64 4110 112 4164 que
137 4099 256 4153 renitent
279 4099 412 4173 Scaliyer.
443 4101 568 4157 deseruit
596 4103 673 4157 riuos
694 4116 866 4172 camposque
888 4101 1014 4154 remanat
1034 4096 1169 4152 Bortluito

64 4180 128 4237 Δάν.
144 4183 237 4238 XXX
241 4183 318 4240 VIII
330 4192 371 4245 11.
395 4186 486 4258 deque
502 4193 597 4242 serunt
611 4185 705 4241 undae
719 4201 851 4257 eamp0s;
873 4185 1011 4255 ripasque
1024 4187 1168 4238 remanant
1238 4187 1244 4199 '

65 4263 248 4340 ILIlberyius
