2752 4944
489 367 730 438 nntlovlan

158 658 251 742 Quos
271 658 327 729 ubi
350 679 410 728 rex
429 655 576 749 populos
589 537 708 745 Isxpexit
730 653 772 726 de
791 652 942 723 cottus
963 649 1063 722 celsis

593 805 626 874 X

158 925 271 1018 Reges
288 948 350 1017 per
367 945 508 1017 regnum
525 925 719 1014 statuasque
734 922 975 1016 sepulchraque
993 927 1164 1015 quaerunt„

159 1027 343 1098 Aedificant
364 1048 501 1100 nomen:
525 1047 654 1096 summa
675 1025 823 1097 nituntur
842 1049 944 1119 opum
963 1027 1007 1095 ui.

585 1177 632 1247 Xi

71 1308 131 1368 4⁰5
157 1352 167 1366 .
216 1351 225 1366 .
279 1301 357 1388 post
377 1303 484 1368 aetate
503 1295 615 1390 pigret
631 1297 781 1368 subferre
802 1293 958 1366 laborem.

582 1447 644 1518 ΧΠ

161 1565 334 1634 Aestatem
355 1568 535 1636 autumnus
556 1565 721 1658 sequitur,
748 1568 825 1656 post
844 1584 922 1632 acer
938 1561 1066 1653 hiemps
1088 1561 1134 1630 tit

575 1713 650 1784 Xlll

158 1834 325 1906 Montibus
342 1832 482 1924 obstipis
499 1830 706 1903 obstantibus
723 1831 810 1900 unde
828 1831 932 1900 oritur
953 1853 1021 1900 nox

575 1967 657 2038 XIV

162 2088 226 2174 Qui
244 2088 369 2158 clamor
388 2087 613 2182 oppugnantis
630 2107 760 2180 uagore
776 2085 901 2155 uolanti

64 2303 116 2352 nius
128 2304 153 2352 in
165 2312 241 2354 sexto
253 2303 353 2354 decimo
369 2305 456 2354 annmi
475 2305 544 2355 dies
560 2305 664 2370 scripsit
676 2319 724 2370 pro
737 2303 790 2356 diei
802 2305 829 2354 in
840 2303 890 2354 boc
901 2318 990 2354 nemu:
1006 2303 1166 2369 postremae'

65 2389 120 2435 eq.
136 2367 161 2423 a]
230 2373 267 2422 IX
290 2373 380 2423 Festus
396 2390 422 2440 p.
441 2374 493 2425 330
508 2375 541 2423 n.
563 2375 678 2440 ‘spicit
697 2389 797 2438 qnoque
813 2373 876 2423 sine*
887 2375 1076 2438 praepositione
1093 2373 1166 2422 dixe-

65 2452 116 2490 runt
135 2444 234 2506 antiqui
251 2469 287 2480 -
304 2452 329 2492 et
346 2437 441 2511 spexit.
471 2445 569 2494 Ennius
588 2445 605 2493 t.
623 2443 686 2493 xvl
704 2446 755 2493 ...'
777 2443 851 2510 (xvi
865 2444 921 2494 cod.
938 2451 1002 2493 teste
1018 2444 1100 2493 Keilio
1116 2443 1134 2491 1.
1148 2443 1165 2491 1.

66 2527 88 2576 p.
105 2512 164 2568 625.
183 2511 268 2564 vlo.
289 2512 442 2578 Muellerus)
466 2516 548 2564 Varro
564 2514 597 2564 de
613 2514 643 2564 L.
663 2514 693 2563 L.
715 2514 846 2566 Visam.
873 2517 1003 2578 ‘spectare
1022 2514 1118 2562 dictum
1134 2513 1167 2561 ab

65 2584 172 2646 specio
188 2584 310 2646 antiquo,
330 2599 379 2646 quo
396 2586 472 2634 etiam
490 2585 588 2634 Ennius
608 2599 684 2633 risus:
709 2597 767 2632 uos
787 2583 882 2649 epulo
902 2590 1073 2648 postquam
1092 2597 1167 2648 spe-

11 2685 17 2693 ·
65 2653 122 2700 xit.¹
193 2652 219 2702 X
244 2652 388 2704 Macrobius
412 2654 467 2707 Sat.
481 2655 543 2704 Vll
565 2669 592 2718 p.
610 2653 662 2704 499
677 2653 735 2702 Jan.
760 2659 873 2702 ‘summo
895 2653 1008 2701 nituntur
1029 2666 1107 2717 opum
1130 2653 1166 2700 ni.

66 2719 135 2784 [Aen.
145 2722 193 2772 xli
203 2720 265 2786 552]
278 2723 376 2772 Ennius
385 2726 411 2774 in
422 2732 524 2786 quarto:
543 2723 589 2788 [V]
603 2733 627 2773 et
639 2725 665 2772 in
678 2723 862 2773 sextodecimo
875 2723 926 2772 ...'
941 2720 1043 2786 (xvn,
1057 2734 1108 2770 om.
1122 2722 1168 2780 in,

66 2790 168 2856 Salisb.)
187 2791 228 2841 Gi.
244 2793 279 2842 IV
290 2791 322 2842 tr.
333 2795 355 2842 V
425 2794 460 2844 ΧΙ
474 2793 571 2843 Nonius
581 2809 607 2858 p.
615 2792 675 2852 alo,
685 2793 716 2843 12
732 2794 863 2859 ‘pigret
880 2793 977 2842 Ennius
988 2791 1034 2842 lib.
1045 2791 1104 2840 XV!
1118 2791 1167 2840 ...’

65 2859 142 2924 (XVII
154 2861 260 2922 Aldina,
277 2860 384 2925 Jnnins)
452 2863 500 2913 Xit
518 2863 663 2914 Priscianus
680 2865 702 2912 V
720 2879 747 2928 p
760 2862 812 2913 647
824 2863 852 2912 P.
875 2862 899 2927 (Ι
912 2876 939 2927 p.
953 2859 1003 2912 tro
1015 2859 1061 2925 K.)
1082 2865 1169 2910 ‘acer

66 2938 87 2978 ct
100 2931 199 2992 alacer,
218 2931 322 2982 saluber
343 2941 368 2982 et
385 2933 485 2982 celeber
504 2934 622 2996 quamuis
635 2933 728 2982 alacris
741 2941 765 2982 et
779 2933 846 2982 aeris
863 2931 1012 2997 plerumque
1031 2931 1127 2982 iaciant
1144 2939 1169 2982 et

66 2999 169 3052 salubris
182 3008 207 3050 et
221 3001 330 3052 celebris
342 3000 477 3062 feminine,
497 3004 643 3065 inutraque
656 3011 740 3052 tamen
751 3003 928 3052 terminatione
938 3002 1080 3051 communis
1093 3002 1169 3050 etiam

67 3073 160 3134 generis
179 3072 344 3122 inueniuntur
357 3072 458 3136 prolata
471 3100 507 3109 -
520 3100 555 3110 -
577 3073 674 3122 Ennius
686 3073 714 3122 in
724 3071 786 3122 XVI
801 3073 852 3122 ...'
881 3071 985 3121 Seruius
1002 3073 1030 3121 in
1047 3074 1112 3120 Aen.
1133 3071 1174 3120 Vt

67 3137 112 3189 685
134 3141 181 3191 ‘de
200 3141 323 3193 feminino
340 3141 425 3190 alacer
441 3148 467 3190 et
485 3157 558 3192 acer
574 3157 711 3204 numquam
729 3142 853 3202 dicimus,
870 3142 929 3192 licet
947 3141 1043 3191 Ennius
1062 3140 1168 3190 dixerit:

67 3211 193 3260 aestatem'
204 3227 227 3263 e.
235 3225 289 3272 qs,
306 3210 411 3260 Seruius
421 3213 490 3260 Artis
499 3211 664 3276 posonium
677 3212 816 3274 ‘quaeritur
824 3220 908 3261 utrum
917 3212 1002 3261 acrio
1013 3211 1128 3262 dicamus
1138 3225 1169 3260 an

68 3293 127 3330 acer.
154 3282 253 3330 Ennius
267 3281 335 3330 enim
354 3281 432 3330 dixit:
458 3290 532 3345 post
551 3297 623 3331 acer
640 3281 783 3346 hiemps.'
854 3281 1015 3332 XlilFestns
1027 3297 1054 3347 p.
1071 3279 1122 3331 193
1135 3280 1169 3334 Μ.

19 3369 20 3372 “
69 3349 254 3416 ‘obstipum'
274 3350 450 3415 (obstitum
469 3353 527 3404 cod.
546 3359 571 3400 et
585 3349 693 3414 Paulus)
713 3351 869 3414 ‘obliquum
893 3352 990 3402 Ennius
1008 3351 1026 3402 Ι.
1046 3351 1108 3400 XVl
1122 3350 1169 3399 ...'

130 3419 192 3470 XIV
205 3420 296 3470 Festus
308 3435 334 3485 p.
345 3417 398 3471 375
410 3420 445 3470 Μ.
464 3423 629 3488 ‘uaporem
644 3435 690 3486 pro
703 3422 801 3488 uagitu.
823 3421 919 3472 Ennius
931 3422 959 3471 li.
973 3421 1034 3472 XVI
1049 3421 1100 3470 ...'

71 3617 151 3674 Bcrn.
187 3620 231 3692 Cf.
250 3620 395 3678 Locreffim
407 3621 490 3683 155⁷
513 3629 713 3697 ‘propropter
726 3625 806 3697 louqc
824 3626 878 3681 diei
890 3621 1004 3694 Infinita
1018 3627 1095 3677 aetas
1108 3629 1172 3676 unte

70 3706 120 3756 ocii
131 3709 262 3780 temporis
279 3710 380 3762 omnis'
485 3713 538 3768 402
557 3726 628 3780 quos
649 3711 695 3764 ubi
710 3726 761 3766 rex
778 3710 898 3780 populos
913 3708 1016 3778 spexit]
1038 3701 1109 3778 quos
1125 3709 1171 3762 ubi

72 3802 116 3840 rex
190 3792 237 3844 uio
252 3793 345 3863 spexit
358 3793 417 3848 cod.
434 3793 518 3848 Festi.
541 3811 593 3849 uos
615 3795 697 3865 cputo
718 3801 868 3866 postquam
883 3793 974 3864 spexit
994 3791 1099 3856 Varro,
1119 3793 1171 3846 rel.

71 3887 118 3924 om.
183 3877 452 3932 -conobusn'estas
466 3881 605 3934 montibus
620 3878 786 3950 Pomponius
799 3879 901 3941 Locum
1005 3881 1058 3936 toa
1073 3883 1172 3947 qurent

73 3955 154 4028 Necp.
261 3966 314 4019 405
331 3969 468 4032 potestate
484 3962 561 4018 [οἱα.
665 3967 717 4022 406
737 3971 854 4019 aetatem
869 3962 981 4019 Cossell.
998 3961 1091 4016 Seruii

73 4045 190 4112 sequitur
210 4061 263 4101 om.
286 4045 402 4102 Sentius
485 4047 595 4120 hiemps
617 4047 686 4120 Rep.
707 4065 744 4102 m.
761 4067 811 4121 pr.
836 4047 926 4104 Bem.
945 4047 1036 4101 Pn'se.
1061 4045 1173 4101 Caeseti.

74 4122 165 4198 &aaa
177 4128 330 4186 Serranam
340 4131 417 4186 Arte.
429 4131 519 4188 biems
532 4136 618 4189 ceteri
700 4133 732 4186 fit
744 4135 809 4189 add.
823 4131 916 4188 Seruii
928 4132 990 4188 cdd.
1007 4133 1041 4186 sit
1053 4130 1173 4198 Caeseti,

74 4225 121 4264 om.
139 4215 223 4268 ceteri
325 4218 377 4275 407
397 4218 515 4288 obstipis
530 4216 669 4290 discate.
687 4217 796 4278 obstitis
813 4219 873 4294 eod.
994 4221 1048 4277 too
1067 4218 1173 4272 clamor

74 4296 128 4350 cod.
144 4299 249 4354 clamos
265 4303 323 4357 siue
335 4303 459 4356 clamore
472 4301 669 4362 wesmannus
681 4303 721 4358 ad
730 4302 816 4360 Lacr.
838 4302 883 4360 VI
895 4309 962 4364 1260
