2784 4940
233 346 337 393 xxxrr
635 337 947 408 QVAESTIONES

234 506 300 584 dam
326 500 401 564 scite
431 502 638 583 expediantur,
670 523 755 566 unum
784 507 884 567 nescio
909 523 945 566 ao
975 523 1013 568 eo
1048 499 1199 570 difficilius
1232 509 1330 572 euadat.

235 609 307 674 Cum
334 612 409 672 enirn
433 613 550 672 omnino
572 614 675 674 modus
698 611 841 674 obscurus
868 614 923 691 sit,
956 631 1016 695 quo
1034 613 1143 676 Ennius
1165 617 1286 679 Graecis
1304 618 1331 677 de

235 719 337 780 Aenea
354 727 383 778 et
404 718 456 780 llia
474 720 582 782 fabulis
597 720 786 782 domesticam
804 720 919 798 lamam,
942 741 1027 802 quam
1049 725 1078 784 in
1106 725 1229 784 relicuis
1252 727 1331 803 sequi-

235 833 292 902 tur,
315 825 513 904 admiscuerit,
533 835 592 888 tum
613 828 671 889 boc
695 847 817 908 prorsus
845 829 1016 892 incredibile
1043 831 1166 907 uidetur,
1191 830 1331 906 Amulium,
1356 885 1357 904 ,

181 967 185 973 -
235 934 260 994 si
281 934 396 1012 quidem
418 934 564 1021 legitimus
587 945 651 996 erat
673 935 794 998 Aeneae
816 935 909 1013 illius,
935 937 1016 998 lliam
1037 955 1170 999 sororem
1197 938 1237 998 ob
1264 957 1332 1018 pers·
1356 915 1357 992 5

235 1043 348 1121 grinarn
368 1051 477 1103 tantum
497 1043 639 1120 originem
662 1043 829 1104 infestasse.
1356 1025 1357 1034 ἶ

321 1149 354 1211 ln
374 1166 483 1210 summo
503 1150 596 1228 ipsius
619 1159 649 1210 et
671 1167 826 1229 puerorum
846 1151 1012 1212 discrimine
1032 1151 1084 1213 llic
1111 1152 1237 1212 deornm
1266 1152 1334 1212 fidem
1356 1185 1357 1216 ς

236 1257 380 1337 inplorat‚
412 1256 440 1314 in
469 1256 569 1334 primis
596 1255 737 1333 Veneris,
763 1248 938 1336 ‘genetricis
971 1259 1076 1337 patris'
1111 1268 1141 1320 et
1169 1249 1332 1339 ‘cognatae'

237 1362 407 1444 (xxxo),
420 1371 450 1422 et
461 1361 560 1422 Martis
571 1371 602 1422 ut
614 1363 737 1440 uidetur,
750 1383 786 1425 ac
796 1364 925 1425 Tiberini
939 1363 1119 1445 (xxxiii).
1142 1365 1267 1428 Fallitur
1276 1369 1334 1428 enin
1356 1359 1357 1436 ζ

213 1470 414 1546 (Νἰοὴυὴτίιιε
442 1468 517 1528 llist.
542 1469 625 1530 Rom.
648 1470 661 1530 l
684 1490 713 1551 p.
740 1470 821 1548 384,
852 1490 916 1532 cum
939 1483 1062 1552 propter
1088 1473 1159 1534 Liuii
1188 1493 1274 1556 quam
1296 1475 1332 1533 fin·

235 1579 280 1656 gir
302 1576 489 1637 imilationem
511 1574 554 1655 (ll
572 1577 627 1656 10)
645 1590 700 1638 inm
714 1582 807 1639 eccles
820 1569 963 1640 ‘Tiberine
974 1567 1075 1654 pcter’
1090 1585 1179 1656 inquit
1193 1573 1234 1642 ‘tc
1256 1591 1333 1642 sancte
1356 1587 1357 1640 l

233 1704 356 1763 precor,
393 1687 463 1743 baec
496 1705 581 1744 orma
611 1693 638 1744 et
667 1689 741 1744 bunc
776 1691 886 1747 mittem
913 1692 1036 1764 propitio
1067 1689 1181 1763 flumine
1221 1673 1332 1761 acomo’

239 1792 349 1853 lloratii
371 1790 492 1853 Coclitis
521 1809 589 1852 esse
617 1791 692 1852 baec
711 1789 796 1852 Ennii
820 1792 912 1854 uerba
938 1802 1015 1868 teque
1036 1800 1123 1866 pater
1154 1797 1282 1854 Tiberine
1302 1803 1333 1851 tun

239 1921 301 1961 cum
323 1903 439 1975 flumme
465 1909 561 1959 sancto
587 1917 655 1959 esse
676 1900 828 1978 opinatur,
857 1899 973 1960 scilicet
1002 1897 1190 1960 allaorobio
1216 1899 1256 1960 Vl
1277 1900 1289 1958 1
1310 1916 1329 1976 p.

239 2006 301 2068 499
324 2006 388 2067 Jan.
413 2023 430 2064 e
451 2006 544 2084 primo
566 2006 661 2067 annali
683 2015 771 2086 atque
798 2007 837 2068 ita
857 2015 888 2067 ut
906 2005 982 2067 absit
1000 2007 1129 2086 corrupti
1151 2009 1264 2068 numeri
1282 2023 1330 2066 sus·

239 2119 311 2197 pitio
334 2114 439 2176 adlata.
484 2112 587 2191 Neque
611 2130 683 2173 uero
704 2111 819 2189 Liuius,
843 2113 929 2176 etiarn
951 2113 975 2174 si
997 2111 1118 2174 Ennium
1141 2113 1266 2176 subinde
1284 2111 1329 2171 ini·

241 2234 317 2286 tatus
339 2225 387 2300 sit,
404 2220 481 2301 quod
497 2219 672 2282 Niebubrius
695 2219 714 2280 l.
731 2220 751 2281 l.
775 2229 857 2280 recte
878 2218 931 2280 sed
946 2220 1058 2280 ratione
1081 2237 1138 2280 non
1158 2230 1243 2282 recta
1265 2218 1330 2280 addr·

239 2325 1357 2409 mat‚egebatiuearcerrernploldrrnii:(pranulus,‹prttdSernirminAenr

239 2437 306 2498 Vlll
322 2435 362 2498 72
374 2443 507 2510 testatur,
531 2434 605 2494 baec
618 2444 759 2496 consueta
772 2435 908 2496 Romanis
921 2433 1087 2496 Tiberinum
1102 2437 1242 2516 precibus
1258 2435 1327 2496 aduc-

241 2544 324 2606 caudi
343 2541 481 2604 formula:
505 2546 599 2601 adesto
619 2545 746 2602 Tiberine
767 2562 829 2602 cum
849 2546 1005 2602 iubendis.
1027 2540 1124 2620 Atque
1146 2545 1223 2623 apud
1242 2539 1328 2616 Vergi-

241 2650 308 2711 lium
321 2649 340 2711 l.
354 2649 373 2708 l.
386 2647 505 2708 Aeneas
515 2649 544 2707 in
555 2647 631 2708 banc
646 2649 768 2710 similem
780 2648 909 2709 Enniano
922 2649 1036 2709 modum
1048 2647 1213 2712 Tiberinum
1229 2647 1328 2710 adorat:

240 2749 1328 2836 twomfflmfflmmmmmwwwpwi

241 2862 339 2940 uolet,
364 2860 448 2923 Ennii
478 2880 595 2924 uersum
614 2862 722 2941 poterit
750 2862 871 2923 Aeneae
900 2863 1046 2924 tribuere:
1071 2862 1139 2924 mibi
1167 2859 1327 2943 probabilius
1356 2837 1357 2904 i

241 2971 333 3030 uisum
355 2975 418 3045 est,
447 2969 485 3032 ita
508 2968 587 3030 lliam
613 2987 687 3048 quae
716 2967 852 3030 Tiberino
881 2979 1000 3048 nuptum
1021 2969 1104 3029 dator
1125 2967 1223 3052 (XLI)
1250 2981 1327 3028 orare

325 3077 427 3136 Venus
453 3075 524 3137 lliae
554 3076 691 3155 precibus
720 3085 863 3137 commota
887 3077 1008 3155 adparet
1034 3093 1069 3136 ac
1089 3087 1226 3156 nepotem
1248 3075 1281 3136 de
1297 3069 1328 3148 ip·

242 3186 302 3244 sius
324 3193 355 3243 et
376 3183 534 3244 liberorum
555 3193 636 3244 sorte
659 3185 808 3245 confirmat
828 3182 977 3262 (XXXIX.
1000 3182 1083 3263 XL):
1113 3201 1171 3263 quo
1198 3186 1274 3246 lanc
1291 3175 1327 3236 illl

242 3287 1327 3369 bmmmwmmlmmmfflmmmfflmfflmm

243 3405 391 3477 exponunt
407 3396 526 3478 (Xbll).

328 3504 402 3564 lluic
423 3504 492 3564 loco
515 3505 631 3566 uindico
652 3503 773 3563 deorum
795 3504 831 3564 de
855 3503 966 3564 Romae
993 3504 1108 3565 fortuna
1137 3496 1328 3564 consiliantium

243 3629 433 3675 consessum:
461 3611 576 3691 qualem
598 3611 627 3669 in
647 3609 704 3670 boc
726 3609 801 3671 libro
823 3612 988 3690 expositum
1010 3609 1101 3669 luisse
1126 3609 1194 3668 olim
1213 3603 1326 3668 intellet-

242 3729 300 3780 turn
319 3729 374 3779 est.
408 3717 571 3779 Probabilis
590 3718 664 3777 enim
685 3717 854 3778 coniectura
873 3725 929 3803 est,
952 3716 1102 3777 lloratium
1122 3733 1185 3776 oum
1203 3715 1273 3776 baec
1293 3719 1328 3765 tt·

241 3835 326 3888 neret
347 3823 458 3905 (Carm.
485 3823 583 3900 1113,
616 3824 670 3905 16)
706 3828 838 3897 Qnirinm
862 3827 964 3884 Martis
989 3829 1065 3901 equis
1092 3826 1247 3883 Acherunta
1264 3815 1329 3894 stall

240 3943 352 4010 protum
381 3938 485 3992 elocuta
518 3935 723 3992 consiliantibus
749 3935 856 3992 Iunone
881 3935 969 4004 deba,
1006 3929 1090 3990 Ennii
1116 3943 1269 3989 memorem
1292 3933 1327 3978 ⁶⁶·

241 4021 359 4100 cin'isse.
400 4038 464 4112 Qua
488 4039 654 4098 coniectura
675 4037 745 4096 licet
766 4036 887 4098 alteram
910 4045 1116 4116 superstruere
1134 4053 1191 4096 noa
1212 4024 1327 4113 inproba·

239 4146 340 4222 bilem,
357 4146 381 4227 si
400 4146 476 4206 illam
493 4143 682 4224 probaueris‚
699 4142 800 4203 lunoni
816 4146 844 4203 in
861 4143 989 4204 Enniana
1004 4142 1125 4203 deorum
1140 4143 1327 4202 conticuerat

241 4253 392 4313 adsidendi
408 4261 515 4313 tanturn
533 4251 586 4311 sed
602 4250 759 4330 eloquendi
776 4259 805 4310 et
823 4250 980 4330 perorandi
999 4259 1098 4330 partes
1112 4250 1215 4310 luisse.
1240 4243 1274 4304 Vt
1291 4233 1326 4296 hii
