2752 4944
497 363 739 434 Ruttovhtn

557 531 671 602 XXIV

65 664 134 726 300
166 705 423 722 .....
476 648 609 719 Poenos
627 646 754 717 Didone
771 649 929 722 oriundos

500 949 658 1032 LIBER
689 949 734 1031 lli

616 1157 630 1228 l

164 1275 335 1368 [Fortuna]
358 1277 451 1347 uaria
470 1276 589 1347 ualidis
607 1297 681 1345 cum
699 1221 825 1344 uiribus
846 1274 978 1345 luctant.

564 1407 600 1475 ,Ι
628 1405 644 1442 *

163 1523 278 1592 Liuius
298 1523 373 1594 inde
391 1522 474 1594 redit
494 1407 617 1615 magella
639 1527 799 1594 maclalus
817 1521 991 1614 triumpho.

625 1651 640 1690 lt
649 1653 665 1690 lt

165 1769 333 1861 Europam
351 1767 554 1866 Libyamque
570 1653 680 1862 lunaparr
702 1769 757 1840 ubi
776 1768 890 1840 diuidit
909 1771 999 1840 unda

596 1898 644 1970 IV

162 2015 308 2096 Additur
324 2020 436 2087 orator
453 2014 626 2087 cornelius
645 2014 887 2109 suauiloquenti

66 2129 132 2192 305
163 2115 232 2188 Ore
253 2117 400 2212 Celegus
422 2120 553 2189 Marcus
571 2119 733 2190 Tuditano
755 2118 896 2210 conlega

53 2321 199 2382 uaniusque
222 2319 294 2368 labor
308 2319 438 2370 mutabilis
456 2321 514 2371 aeui
526 2321 632 2372 Rettulit
650 2322 677 2369 in
692 2319 798 2370 melius:
824 2317 918 2368 multoe
938 2315 1035 2367 alterna
1055 2318 1171 2370 rcuiaena

53 2391 129 2439 Lusit
143 2397 170 2438 et
185 2389 211 2436 in
224 2387 310 2438 solido
322 2404 409 2439 ruraua
421 2388 523 2439 somnne
536 2389 636 2440 locauit.
658 2389 733 2453 [Aen.
747 2389 784 2437 Xl
796 2387 858 2452 425]
874 2387 971 2437 Ennius
984 2388 1009 2436 in
1023 2393 1112 2436 octauo
1123 2387 1170 2438 ...'

124 2458 217 2508 XXIV
234 2458 380 2507 Priscianus
393 2461 429 2509 VI
443 2475 470 2525 p.
484 2459 536 2510 685
550 2461 577 2509 P.
592 2459 617 2528 (l
633 2475 660 2526 p.
674 2458 723 2512 231
739 2456 785 2522 ii.)
804 2457 890 2520 ‘quod
903 2465 987 2507 autem
1001 2457 1070 2505 iouia
1087 2464 1112 2506 et
1126 2456 1172 2506 Di-

54 2528 132 2577 donis
146 2527 302 2592 Calypsonis
316 2527 417 2589 dieitur‚
433 2529 543 2579 ostendit
560 2565 620 2580 ....
640 2529 736 2578 Ennius
748 2529 775 2576 in
788 2527 848 2576 Vlll
866 2527 924 2575 ...’
959 2525 1014 2589 (in
1030 2527 1091 2575 Vlll
1109 2526 1171 2574 En-

53 2600 135 2646 nius
158 2596 285 2646 Helberet.
301 2597 364 2662 Reg.
380 2613 413 2647 rn.
427 2596 483 2664 pr.)

87 2695 181 2745 Lmen
196 2691 233 2742 tx
269 2694 279 2741 1
298 2693 394 2744 Nonius
408 2695 531 2761 patim
549 2696 557 2721 ‘
566 2693 694 2743 luctent
707 2708 753 2760 pro
767 2693 900 2744 luctantur.
926 2691 1022 2742 Ennius
1036 2689 1081 2740 lib.
1097 2689 1170 2740 Villi

55 2764 111 2813 .,.’
190 2763 214 2811 ll
245 2759 351 2812 Seruius
370 2765 395 2813 in
415 2766 479 2814 Aen.
498 2763 535 2813 nt
553 2763 603 2814 otl
633 2765 745 2813 ‘mactus
769 2772 853 2812 autem
879 2762 948 2828 apud
973 2768 1072 2810 ueteres
1094 2761 1169 2809 etiam

52 2839 223 2883 mactatus
243 2831 390 2893 dicebatur,
415 2841 442 2882 ut
461 2833 571 2884 Ennius:
590 2833 693 2882 Liuiue'
716 2849 738 2882 e.
752 2849 777 2895 q.
794 2848 815 2882 s.
850 2831 905 2882 Huc
925 2831 1020 2880 rettulit
1039 2829 1136 2878 Merula

89 2903 127 2952 111
149 2900 239 2952 Cicero
253 2901 329 2950 Tusa.
343 2902 411 2968 dia'p.
427 2903 437 2952 1
451 2903 494 2964 20,
508 2904 543 2953 ta
561 2903 669 2952 ‘etenim
683 2903 706 2951 si
719 2917 785 2952 nunc
801 2901 900 2965 aliquid
913 2901 1015 2963 assequi
1030 2915 1058 2949 ee
1072 2907 1171 2966 putant,

54 2973 100 3034 qui
120 2971 219 3022 ostium
232 2970 307 3019 Ponti
324 2971 442 3021 uiderunt
461 2979 486 3022 et
503 2986 547 3022 eas
568 2973 700 3038 augurantes
711 2987 758 3037 per
770 2986 833 3034 quaa
844 2971 987 3036 penetrauit
1001 2983 1031 3018 ea
1048 2984 1113 3032 quae
1133 2977 1171 3018 eat

53 3041 190 3091 nominata
205 3040 276 3104 Argo
361 3049 404 3090 aut
417 3041 436 3090 ii
450 3041 495 3104 qui
508 3040 602 3091 Oceani
614 3041 679 3090 freta
691 3041 736 3090 illa
749 3040 867 3090 uiderunt
882 3039 1054 3104 Europam'
1070 3055 1092 3088 e.
1109 3055 1133 3100 q.
1148 3054 1170 3088 a.

54 3110 144 3172 ‘quod
161 3109 265 3159 tandem
278 3111 451 3175 spectaculum
464 3111 519 3161 lore
531 3111 680 3176 putemusl’
713 3111 784 3161 idern
797 3110 829 3159 de
842 3117 893 3159 nat.
910 3109 1015 3158 deorum
1028 3108 1063 3156 ill
1083 3107 1124 3167 10,
1137 3110 1171 3158 24

55 3179 138 3242 ‘quid
154 3177 303 3228 Chalcidico
317 3178 413 3246 Euripo
433 3180 459 3228 in
480 3187 550 3229 motu
569 3180 708 3229 identidem
728 3179 910 3244 reciprocando
927 3186 1002 3244 putea
1019 3177 1074 3226 fieri
1093 3192 1171 3243 posse

54 3248 234 3307 constantius,
260 3247 322 3310 quid
336 3249 400 3298 irato
415 3247 559 3308 Siciliensi,
584 3249 646 3312 quid
660 3248 754 3299 Oceani
768 3247 869 3298 feruore
881 3249 934 3298 illis
952 3249 978 3296 in
990 3247 1053 3296 locis
1067 3247 1150 3296 Euro
1159 3277 1171 3284 -

54 3317 145 3383 pam’
166 3333 189 3369 e.
207 3333 233 3380 q.
247 3331 268 3365 a.
300 3318 383 3367 Ennio
396 3318 507 3378 Merula,
526 3317 586 3367 huic
606 3318 663 3367 aedi
682 3318 823 3368 uindicauit
842 3317 890 3367 Tb.
905 3317 1004 3382 Hugiua
1074 3317 1109 3366 IV
1129 3315 1170 3366 ct-

55 3402 115 3436 cero
138 3385 212 3435 Brut.
236 3385 278 3445 15,
299 3385 333 3437 58
357 3388 405 3438 ‘bi
426 3387 558 3439 Cornelius
577 3387 718 3453 Cethegus,
743 3388 814 3436 cuiue
836 3387 995 3449 eloquentiae
1017 3392 1055 3434 eat
1074 3394 1169 3444 auctor,

56 3465 81 3505 et
99 3457 213 3505 idoneus
231 3454 335 3516 quidem
349 3471 406 3508 mea
423 3457 560 3518 sententia,
587 3455 618 3514 Q.
637 3457 762 3506 Ennius
778 3484 812 3493 -
831 3483 867 3494 —
893 3463 932 3506 est
949 3455 1027 3520 igitur
1044 3455 1083 3502 aio
1100 3455 1171 3520 apud

56 3526 133 3575 illum
147 3525 175 3573 in
189 3537 257 3574 nouo
270 3532 297 3572 ut
311 3525 403 3591 opinor
415 3526 515 3576 annali:
536 3526 669 3576 additur
763 3525 867 3575 lilius.
899 3525 931 3574 Et
942 3530 1065 3574 oratorem
1081 3523 1170 3587 appel-

56 3594 93 3643 lat
120 3602 147 3644 et
165 3592 398 3658 suauiloquentiam
419 3596 507 3645 tribuit
603 3595 706 3644 sedeat
724 3609 754 3644 ea
774 3595 830 3644 laus
851 3593 1009 3658 eloquentiae
1028 3599 1095 3641 certe
1116 3607 1171 3642 ma·

56 3665 146 3714 xima:
174 3664 203 3712 is
221 3662 346 3712 dictust
439 3663 566 3732 populi:
591 3665 671 3729 probe
686 3679 762 3724 uero;
780 3671 808 3712 ut
821 3664 889 3714 enlm
903 3662 1014 3712 hominia
1028 3661 1169 3725 ingenium,

57 3733 96 3782 sic
115 3731 216 3798 ingenii
234 3731 318 3798 ipsius
335 3731 420 3801 lumen
439 3742 479 3784 est
496 3733 655 3796 eloquentia,
685 3747 735 3796 qua
751 3733 834 3783 uirum
854 3732 1020 3782 excellentem
1039 3729 1170 3796 praeclare

100 3912 158 3968 300
177 3903 306 3979 phoenos
322 3891 410 3981 Lopd]
431 3924 521 3980 penos
536 3905 677 3964 Helberst.
692 3905 762 3980 Rep.
779 3904 864 3980 Scap.
991 3909 1042 3964 301
1062 3905 1171 3959 iortuua

57 4011 113 4050 om.
136 3991 201 4048 labri
284 3993 363 4047 uaria
377 3993 477 4048 Bomb.
506 3993 558 4048 uiri
574 4009 591 4048 a
610 3994 696 4048 ceteri
778 4008 841 4046 curu
860 3990 889 4044 J.
904 3988 999 4045 occsa
1019 3988 1097 4060 opud
1109 3986 1166 4043 Me-

58 4080 166 4141 rulam,
195 4073 381 4146 Wakefieldtca
396 4078 435 4132 od
447 4077 532 4134 Mer.
548 4075 569 4131 I
579 4079 645 4141 088,
670 4092 723 4131 om.
738 4073 802 4130 libra·
884 4075 936 4128 uiri
954 4072 1056 4127 ualidis
1075 4073 1171 4127 auiri-

57 4165 113 4217 bus
141 4159 192 4215 rt.
209 4160 318 4232 Huqe'ue
424 4165 477 4221 303
496 4161 669 4234 Lybiarnque
691 4159 761 4216 ded
778 4161 807 4216 ln
825 4159 907 4216 Tele.
936 4157 1086 4228 tibiamque
1107 4156 1171 4214 Eri·

60 4246 95 4301 de
110 4263 142 4301 n.
158 4243 187 4303 d.
292 4251 344 4306 305
367 4243 506 4318 Cethegus
521 4245 585 4301 libri
