2784 4940
489 373 720 432 ENNIANAE
1050 389 1160 436 nxxm

40 538 233 598 commodius
261 538 358 615 possis
387 557 472 618 quam
498 549 530 599 ut
557 536 749 600 Hihheckium
777 549 894 600 secutus
922 541 981 600 ieci
1009 543 1159 605 trochaico

37 661 171 702 numero
194 645 237 702 sic
257 643 396 703 dimetiri:
425 646 494 722 siper
515 649 639 720 oppletus
668 647 794 704 imbrium
817 647 941 705 Fre'mitu
970 646 1073 724 (Trag.
1101 649 1159 710 146

39 753 121 830 sq.).
147 752 256 810 Verum
272 759 366 809 tamen
383 767 447 810 cum
462 749 624 809 testimonia
639 750 890 826 grammaticorum
901 761 1017 830 reputo,
1033 770 1159 831 propen-

38 861 109 916 sior
131 865 179 916 est
197 858 307 916 animus
329 855 365 914 ad
385 855 578 930 credendum,
600 873 716 930 uerum,
740 856 777 914 ita
795 865 824 914 ut
847 855 888 930 tit,
909 855 962 914 suh
985 859 1087 934 specie
1109 859 1159 918 de·

40 963 217 1039 prauatiore
243 959 429 1028 delitescere.
475 961 572 1038 Atque
598 961 626 1019 in
654 970 787 1038 promptu
817 969 861 1020 est
893 962 1072 1038 emendatio,
1103 981 1159 1042 qua

40 1077 73 1126 ut
107 1068 241 1126 trochaei
270 1065 416 1142 turpitudo
442 1063 619 1142 abstergitur
642 1066 679 1124 ita
703 1066 842 1142 insignior
863 1065 1025 1143 scripturae
1049 1067 1158 1128 discre-

40 1173 146 1252 pantia
170 1172 346 1232 inlustratur.
385 1169 498 1230 Etenim
520 1171 645 1231 adhibita
665 1188 742 1230 uoce
764 1171 879 1248 antiqua
901 1179 930 1230 et
947 1188 1021 1248 quae
1040 1175 1159 1251 saepius

43 1297 114 1338 cum
138 1278 208 1336 alibi
231 1285 288 1336 tum
310 1275 385 1354 apud
407 1274 527 1335 Ennium
547 1279 629 1356 quasi
650 1297 689 1338 ex
709 1274 857 1335 obliuione
881 1277 1018 1337 suscitata
1038 1288 1084 1338 est
1104 1280 1157 1351 (ci.

42 1385 125 1444 hun.
148 1384 217 1444 161.
234 1382 306 1442 314.
322 1382 411 1460 411),
431 1381 514 1442 Ennii
537 1401 649 1444 manum
670 1387 709 1444 ita
731 1381 860 1458 retingo:
884 1401 973 1442 noenu
989 1388 1065 1443 decet
1084 1405 1157 1444 mes-

41 1509 116 1550 sore
134 1493 226 1548 honor.
272 1491 368 1547 Noenu
390 1490 463 1547 euim
488 1499 688 1568 posteaquam,
712 1497 743 1547 ut
765 1487 948 1566 plerumque,
971 1491 998 1548 in
1020 1512 1075 1550 non
1094 1509 1158 1570 par·

43 1594 168 1676 ticulam
190 1593 276 1668 abiit,
300 1610 357 1652 nou
379 1594 512 1654 indoctus
535 1595 668 1664 librarius
689 1595 834 1654 labentem
856 1594 994 1654 uersiculi
1013 1615 1158 1658 numerum

43 1718 83 1759 ea
108 1700 203 1760 iorma
230 1719 313 1778 quam
341 1701 528 1777 Philargyrus
558 1702 686 1762 seruauit
717 1723 771 1760 non
797 1713 917 1778 possiunt
940 1721 1066 1762 mererere
1097 1709 1161 1764 honi

45 1813 215 1866 sustentare
237 1806 360 1868 uiriliter
382 1807 498 1868 studuit.

137 1912 182 1972 Ad
206 1913 316 1973 calcem
336 1914 477 1974 annalium
501 1923 671 1991 peruentum
695 1922 755 1988 est,
785 1914 813 1972 in
833 1930 889 1992 qua
911 1918 1016 1989 poeta,
1047 1923 1076 1972 ut
1095 1915 1158 1992 ipse

47 2016 104 2076 hae
121 2019 339 2095 opportunitate
358 2021 465 2078 monuit
489 2019 571 2099 (tv),
595 2020 747 2097 septimum
770 2027 800 2078 et
821 2019 1036 2094 sexagesimum
1058 2037 1159 2078 annum

46 2141 144 2200 ageos
161 2123 332 2185 elaborauit.
368 2123 414 2184 Gi.
433 2143 460 2203 p.
477 2124 555 2184 ΧΙΧ.
590 2125 632 2185 lbi
648 2134 801 2204 praeterea
819 2127 875 2184 alia
890 2125 926 2184 de
947 2125 1004 2184 uita
1024 2141 1074 2182 sua
1094 2141 1157 2181 nar·

48 2229 132 2288 randi
150 2229 284 2307 cupidior
305 2249 397 2290 senen
413 2231 603 2309 exprompsit.
648 2229 720 2289 Nam
736 2231 905 2310 haecquae
920 2228 1055 2290 Ciceroni
1077 2226 1157 2305 (Cat.

47 2337 116 2394 mai.
130 2336 160 2410 5,
174 2336 228 2414 14)
243 2335 382 2396 dehemus
399 2343 439 2396 sic
453 2347 482 2395 nt
493 2341 576 2412 sortis
590 2355 675 2410 eques
686 2343 773 2412 spatio
784 2344 832 2413 qni
850 2356 935 2414 saepe
945 2355 1074 2412 utpremo
1092 2340 1161 2394 Vicit

49 2445 180 2515 Olimpia,
203 2461 276 2502 nunc
293 2448 368 2500 senio
389 2445 530 2518 consectus
545 2447 658 2516 quiescit
676 2440 760 2520 (Vll)
777 2441 852 2504 haud
875 2442 961 2503 dubie
976 2442 1084 2502 Ennius
1102 2459 1159 2500 nou

50 2548 176 2606 seorsim
205 2546 240 2606 ab
267 2550 370 2608 aetatis
394 2566 464 2607 suae
492 2547 765 2606 commemoratione
788 2546 899 2606 extulit.
945 2546 1051 2624 Tetigit
1074 2549 1158 2607 etiam

48 2673 144 2730 genus
164 2671 246 2712 suum
266 2654 344 2732 quod
363 2672 379 2712 a
396 2653 533 2730 Messapo
554 2653 695 2728 originem
717 2651 802 2712 ducat
827 2651 899 2730 (Vl)
919 2661 999 2710 etse
1019 2650 1159 2711 Hudinum

50 2778 120 2818 esse
149 2758 243 2817 lluluii
269 2757 428 2817 Nobilioris
456 2758 601 2818 beuelieio
624 2756 752 2817 Romana
781 2758 896 2816 ciuitate
927 2755 1061 2816 donatum
1088 2758 1103 2833 (
1131 2758 1157 2835 ).

49 2865 115 2923 Hoc
139 2863 253 2942 quidem
275 2863 351 2942 quod
372 2862 408 2922 de
431 2864 546 2922 ciuitate
567 2863 636 2922 dicit
659 2864 752 2942 potuit
774 2863 858 2922 etiam
881 2872 938 2922 tum
961 2881 1024 2923 cum
1043 2865 1070 2922 in
1092 2863 1158 2924 Hul-

51 2971 91 3029 uii
124 2969 211 3029 rebus
242 2968 413 3030 uersabatur
447 2987 689 3034 commemorare:
725 2985 894 3047 quamquam
925 2970 1016 3046 magis
1048 2969 1160 3030 adridet

53 3083 171 3154 potitam
193 3076 221 3134 iu
243 3085 373 3135 extrema
395 3084 490 3135 aetate
506 3077 667 3153 superioris
688 3076 764 3134 uitae
780 3075 952 3136 admonitum
968 3076 1046 3136 laeto
1065 3076 1159 3134 animo

52 3183 144 3241 haec:
166 3199 216 3240 nos
237 3199 331 3240 sumus
346 3185 466 3241 Bouiani
484 3188 533 3256 qui
545 3186 650 3257 suimus
671 3192 734 3240 ante
757 3185 862 3241 Rudini
880 3182 1072 3246 exclamasse.
1115 3181 1160 3240 lle

53 3291 170 3348 ciuitate
199 3288 283 3349 Ennii
312 3295 341 3346 et
369 3304 426 3365 quo
456 3297 542 3366 pacto
571 3304 634 3348 eam
660 3288 783 3365 adeptus
809 3289 846 3347 sit
875 3290 940 3349 uide
962 3286 995 3346 F.
1020 3285 1161 3347 Hitterum

52 3393 175 3472 Ephem.
199 3396 287 3472 antiq.
303 3392 428 3452 Darmst.
450 3413 475 3458 a,
499 3393 579 3453 1841)
602 3412 630 3471 p.
648 3392 708 3453 383
728 3411 772 3470 sq.
818 3394 877 3454 Sed
896 3396 969 3454 haec
992 3394 1086 3453 omnia
1109 3393 1158 3452 du·

54 3499 129 3560 bites
150 3500 270 3558 initione
300 3517 335 3558 an
359 3501 405 3559 lini
429 3499 494 3559 libri
518 3497 664 3558 ascribas:
696 3499 762 3557 olim
786 3509 928 3578 tamquam
951 3499 1072 3556 extremi
1097 3515 1159 3556 car·

53 3606 134 3662 minis
155 3605 293 3683 reliquias
312 3606 451 3683 adposui:
482 3623 557 3664 nunc
586 3605 805 3663 conuenientius
828 3613 935 3683 poetae
960 3603 1160 3662 consuetudini

56 3709 167 3768 uidetur
189 3711 350 3788 prohoemii
370 3711 518 3772 materiam
542 3728 579 3768 ex
600 3710 644 3770 his
664 3710 794 3770 frustulis
813 3711 957 3769 constitui.
1191 3691 1200 3707 ’

138 3813 268 3894 Namque
284 3818 366 3894 quasi
379 3833 455 3875 nouo
475 3817 582 3892 impetu
600 3816 635 3874 ad
647 3815 849 3876 Histricum
869 3813 1008 3873 bellum
1028 3828 1095 3870 sese
1113 3829 1162 3872 aa·
1220 3876 1233 3900 ο

55 3922 152 3998 cingit.
198 3920 243 3980 Hx
266 3939 303 3979 eo
323 3920 402 3980 hello
421 3921 530 3981 residet
547 3939 631 3999 quam
650 3921 759 3980 Ennius
776 3921 811 3980 ad
827 3913 945 3980 Homeri
963 3917 1012 3995 (ll.
1031 3919 1065 3976 Π
1087 3915 1161 3995 tot)

55 4027 219 4104 exemplum
241 4025 353 4086 eilinxit
373 4028 458 4086 fortis
470 4026 573 4088 tribuni
594 4027 740 4086 cuiusdam
764 4035 863 4086 contra
875 4025 1035 4085 Histrorum
1050 4025 1162 4100 inpres-

55 4136 165 4194 sionem
181 4152 213 4192 se
232 4131 415 4192 defendentis
427 4133 586 4210 descriptio
600 4131 668 4211 (ll).
713 4132 758 4192 Dc
778 4150 811 4190 re
829 4131 973 4190 consentit
993 4136 1162 4207 compotita

55 4235 150 4294 Liuius
169 4234 232 4294 Xhl
254 4235 282 4294 2.
328 4235 399 4296 Cum
420 4239 496 4297 enim
517 4238 605 4297 Histri
625 4247 719 4298 castra
739 4237 867 4297 Romana
882 4236 919 4296 ad
939 4236 1032 4296 lacum
1054 4233 1164 4296 l'imaui
