2784 4940
247 393 360 442 XXXIV
642 377 957 447 Qvnttsutorttss

249 549 353 625 Remo,
378 547 502 608 nondum
525 545 640 606 uidetur
658 552 753 604 actum
774 544 873 606 luisse.
909 543 955 604 ct.
971 544 1117 622 llbergius
1140 563 1168 624 p.
1188 544 1237 606 28.
1259 545 1327 624 Supe

249 659 356 716 riorem
378 665 485 728 autern,
508 669 592 730 quam
615 651 704 728 uulgo
731 650 881 728 ferebant,
911 653 1011 714 sedem
1042 651 1159 714 concilii
1187 653 1328 730 anquirere,

251 780 307 822 non
336 759 563 821 commodiorem
592 758 716 835 dispicio
740 757 813 834 bac,
840 776 896 838 qua
925 761 1049 838 ascripsi
1077 777 1152 837 quae
1181 758 1236 818 buo
1261 759 1327 837 perti·

248 888 319 929 nere
335 868 487 928 uideantur
509 866 681 942 fragmenta.
727 863 855 938 Quorum
871 867 926 925 etsi
941 867 1048 926 nullum
1064 875 1126 943 est,
1151 865 1227 944 quod
1242 885 1276 925 eu
1289 865 1328 923 lou

248 975 323 1036 libro
350 974 497 1034 adferatur
525 972 652 1046 diserte,
687 979 782 1032 tamen
810 981 929 1051 praeter
959 971 1037 1032 illum
1076 972 1112 1032 de
1142 989 1199 1050 quo
1232 973 1328 1033 diximus

248 1099 365 1141 uersum
382 1077 576 1159 probabiliter
599 1077 741 1155 quaedam
758 1080 926 1138 coniectura
949 1077 1006 1137 buc
1026 1077 1118 1138 relata
1148 1087 1221 1137 sunt.
1262 1077 1328 1136 Velut

246 1188 333 1262 uttut,
364 1203 423 1266 quo
449 1185 477 1244 di
503 1184 649 1263 genitales
676 1195 868 1245 recensemur
896 1183 1022 1263 (xlv),
1052 1184 1168 1263 qualem
1202 1201 1328 1243 recensum

247 1293 442 1354 conueniebat
464 1293 558 1350 statim
573 1293 601 1350 in
615 1293 706 1369 primo
727 1307 869 1351 consessu
891 1290 969 1366 lieri,
990 1299 1019 1349 et
1041 1291 1076 1351 lu.
1096 1289 1186 1350 XIIII
1202 1309 1261 1350 cum
1275 1290 1327 1348 Ver·

245 1401 308 1479 gilii
326 1400 400 1460 Aen.
424 1397 450 1458 X
470 1399 484 1457 1
507 1415 523 1458 a
543 1397 636 1457 schol.
656 1397 766 1458 Veron.
785 1397 930 1458 conlatum
943 1405 972 1456 et
983 1396 1041 1457 boo
1056 1396 1208 1458 frustulum
1220 1397 1328 1475 (wa),

247 1524 305 1585 quo
322 1508 349 1564 iu
363 1503 547 1566 instaurando
564 1504 648 1562 simili
660 1503 781 1563 deorum
797 1503 922 1562 concilio
938 1505 1025 1563 utitur
1035 1504 1184 1580 Vergilius
1196 1505 1266 1564 Aen.
1278 1503 1327 1562 Iu.

246 1611 337 1672 Nimis
348 1612 459 1671 incerte
471 1611 527 1671 luuc
539 1611 705 1670 referuntur
720 1610 769 1670 uel
785 1609 831 1670 bic
846 1627 951 1668 uersus
969 1631 985 1668 u
998 1617 1105 1686 pendor
1114 1623 1210 1672 noster
1222 1616 1329 1672 Saturnia

244 1719 367 1777 musellae
380 1721 472 1777 diuum
491 1717 564 1794 (inc.
578 1715 640 1776 sed.
654 1714 708 1795 II),
727 1731 786 1794 quo
807 1714 902 1773 editor
919 1715 1077 1794 Lipsiensis
1095 1719 1242 1794 lunonem,
1260 1718 1328 1777 llber-

245 1826 311 1901 gius
328 1824 475 1884 Venerem
486 1826 514 1883 ln
530 1823 587 1883 luoo
604 1839 746 1882 consessu
764 1820 884 1880 deorum
900 1819 999 1880 Iouem
1016 1823 1134 1904 adloqui
1150 1826 1327 1905 opinabantur.

246 1928 305 1990 Sed
322 1929 386 2007 quis
403 1929 460 1990 boc
476 1927 632 1988 adlirmarit
646 1927 851 2000 confidentius⁷
872 1929 1006 2004 quoniam
1020 1929 1120 1990 Venus
1138 1933 1202 1990 siue
1219 1931 1283 1990 luno
1295 1927 1327 1986 uel

245 2035 318 2094 alius
338 2035 458 2094 deorum
474 2035 569 2095 multis
585 2033 659 2094 locis
675 2051 708 2092 ea
725 2034 764 2092 uti
780 2033 978 2112 adpellatione
994 2033 1107 2112 potuit?
1123 2038 1162 2097 At
1178 2047 1258 2098 reete
1272 2034 1327 2095 haud

245 2141 332 2202 dubie
361 2142 396 2202 ad
419 2139 548 2201 Enniana
576 2157 692 2200 uersum
719 2138 882 2216 ascribunt,
917 2159 1002 2219 quem
1027 2142 1187 2204 Ennianum
1213 2161 1276 2204 esse
1298 2151 1327 2200 te·

244 2249 380 2307 stimonio
403 2264 459 2306 non
483 2254 607 2321 constat,
628 2254 657 2306 at
674 2254 791 2304 constat
816 2256 951 2305 accurata
974 2246 1092 2308 Homeri
1115 2252 1279 2322 imitatione,
1296 2245 1327 2306 cui

245 2361 342 2411 notum
362 2362 417 2428 est,
442 2361 576 2431 quantum
598 2353 646 2414 lric
667 2361 755 2431 poeta
778 2351 939 2412 indulserit.
984 2353 1026 2414 lta
1055 2358 1130 2415 enim
1159 2359 1188 2417 in
1218 2357 1327 2430 Odyssea

244 2458 280 2535 (eu
298 2459 338 2518 45
363 2481 386 2518 oa
406 2459 467 2520 473
494 2460 531 2519 oi.
555 2459 589 2520 ll.
616 2458 721 2536 831)
754 2454 883 2516 Minerua
912 2444 935 2518 ui
961 2453 1054 2540 πάτερ
1072 2454 1191 2542 ἡμέτερε
1210 2460 1327 2543 Κρονίδη,

242 2557 334 2624 ὕπατε
350 2558 517 2644 κρειόντων.
561 2563 626 2625 Non
648 2566 715 2645 plus
738 2571 856 2642 praesto
879 2562 916 2622 de
938 2581 985 2639 eo,
1007 2583 1091 2643 quem
1110 2567 1206 2628 Varro
1219 2569 1254 2628 de
1267 2567 1293 2625 I.
1306 2563 1326 2622 I.

241 2670 330 2731 vlla
351 2669 389 2730 ll.
414 2673 482 2731 item
511 2673 573 2730 siue
597 2672 712 2731 nomine
741 2677 848 2748 poetae
875 2669 1018 2730 laudauit:
1041 2683 1206 2736 consumuat
1224 2679 1327 2749 ternplum

241 2797 371 2854 mapsam
395 2781 471 2837 que
491 2783 657 2837 altitonantis
681 2778 752 2854 (inc.
773 2776 836 2835 sed.
859 2773 970 2855 LXX),
996 2795 1053 2856 qno
1080 2780 1256 2841 adseuerans
1277 2786 1326 2837 nutu

241 2899 295 2942 suo
321 2883 423 2942 nescio
448 2882 517 2960 quid
545 2883 675 2962 luppiter
703 2883 850 2959 designari
877 2883 990 2943 uidetur
1018 2887 1095 2946 conl.
1118 2886 1252 2965 Vergilio
1270 2885 1326 2943 llen.

240 2989 268 3049 X
296 2989 355 3048 115
382 2993 480 3049 adnuit
506 2999 532 3048 et
556 2998 637 3050 totum
667 3001 735 3050 nutu
759 2992 937 3066 tremefecit
962 2995 1119 3068 Olympum:
1149 3011 1266 3072 quorum
1291 3005 1327 3050 sua

241 3103 364 3174 uterque
380 3113 418 3156 ex
435 3094 553 3156 Homeri
575 3096 662 3156 claris
684 3096 817 3156 uersibus
839 3095 872 3154 It.
889 3100 914 3156 Α
930 3095 991 3157 528
1012 3084 1032 3176 ἦ
1053 3099 1104 3160 sal
1120 3099 1278 3185 κυανέῃσιν
1297 3084 1325 3156 u’n'

238 3193 350 3283 ὀφρύσι
364 3205 448 3262 νεῦσε
462 3200 598 3279 Κρονίων
616 3245 623 3260 .
641 3245 668 3262 ..
688 3201 781 3283 μέγαν
797 3193 825 3262 d’
850 3198 972 3276 ἐλέλιξεν
985 3197 1139 3281 Ὄλυμπον
1156 3203 1325 3286 deprompsit.

325 3305 470 3368 Confecto
495 3309 639 3384 concillo,
665 3319 695 3369 ut
716 3311 811 3370 statim
840 3311 867 3368 in
895 3310 981 3368 terris
1008 3310 1146 3388 adpareat
1173 3315 1216 3374 uls
1246 3327 1326 3372 eorum

239 3433 314 3492 quae
338 3415 365 3473 in
388 3413 512 3493 Olympo
535 3414 665 3495 luppiter
686 3416 827 3493 decreuit,
850 3417 971 3488 damen,
995 3416 1023 3473 in
1046 3434 1104 3495 quo
1141 3421 1224 3497 pueri
1253 3433 1326 3496 eupo-

238 3523 285 3580 siti
308 3530 401 3597 erant,
423 3523 496 3580 intra
516 3521 594 3598 ripas
615 3519 733 3580 reduxit
756 3518 917 3599 (XLVIII).

321 3629 407 3690 Pueri
430 3635 597 3688 seruantur:
626 3629 786 3687 nutriuntur
808 3646 823 3688 a
847 3627 914 3705 lupa
938 3625 1076 3706 (XIIX):
1107 3629 1143 3688 de
1161 3647 1216 3708 qua
1238 3649 1267 3690 re
1283 3625 1326 3686 lin·

237 3737 348 3796 uianam
371 3735 563 3796 narrationem
581 3733 651 3793 licet
671 3733 758 3794 bodie
782 3753 798 3793 e
823 3733 954 3809 Vergilio
977 3733 1052 3794 Aen.
1077 3735 1227 3799 v111630
1255 3731 1326 3811 dispi-

237 3859 306 3901 cere
344 3842 418 3919 (t).
464 3839 563 3902 Ficum
602 3840 780 3901 Ruminalem
816 3860 891 3921 quae
927 3840 1031 3902 dicitur
1068 3842 1189 3904 Ennium
1226 3853 1326 3922 quoque

236 3966 413 4008 memorasse
439 3965 497 4007 nou
525 3946 745 4026 inprobabiliter
765 3949 947 4009 concluditur
969 3970 985 4010 e
1009 3950 1044 4011 ir.
1072 3950 1115 4010 tl.
1160 3950 1238 4028 Lupa
1261 3948 1326 4021 tuga·

235 4063 317 4113 tura
346 4053 512 4133 pastoribus
538 4053 575 4112 de
603 4054 686 4113 cliuis
715 4055 751 4114 ad
779 4071 898 4133 campos
919 4067 948 4116 et
977 4060 1056 4118 riuos
1082 4052 1325 4118 descendentibus:

234 4156 291 4217 hoo
321 4162 395 4218 enim
418 4160 576 4235 significari
598 4160 633 4219 ir.
657 4159 706 4219 III
724 4161 912 4239 suspicabare
943 4163 1029 4222 modo
1057 4173 1139 4224 recte
1170 4159 1326 4222 emendare·

233 4263 285 4323 rim
299 4281 425 4324 uersum.
448 4264 519 4325 (ium
544 4267 676 4345 proximo
692 4267 855 4344 fragmento
871 4270 948 4328 iuuat
964 4270 1000 4329 de
1021 4271 1079 4330 leui
1098 4269 1257 4330 differentia
1269 4277 1325 4342 qut·
