2770 4946
508 399 751 468 RELIQVIAE

572 565 686 636 XXIV

176 733 184 752 .
237 734 246 752 .
299 735 308 752 .
361 683 436 776 quis
456 703 520 752 nus
542 685 637 774 pater
657 686 715 754 aut
736 685 901 776 cugnauis
926 684 1017 754 uolet

177 783 300 854 Guulrai
322 786 430 856 lueri?

579 901 678 972 XXV

77 1030 147 1089 445
174 1073 615 1093 ........
668 1021 829 1112 capitibus
851 1023 1041 1093 nutantibus

175 1122 230 1191 ‘lbi
252 1122 350 1213 pinus
370 1125 549 1215 rectisque
571 1145 750 1214 cupressos

568 1259 682 1329 XXVI

177 1373 243 1458 Qut
264 1375 316 1444 sui
339 1382 498 1469 quaestus
520 1379 623 1448 causa
641 1379 736 1448 ficlas
758 1377 918 1449 suscitant
939 1379 1129 1450 sententias.

179 1627 377 1722 ['qunam]
413 1513 791 1737 quicquamxffiquam
822 1633 990 1726 cuiquam,
1027 1633 1117 1726 quud
1152 1634 1181 1702 ei

719 1737 909 1822 conueniat,
931 1735 1057 1829 neget?

102 1973 193 2025 XXIV
211 1975 293 2026 Varro
307 1974 339 2026 de
353 1974 423 2029 L.L.
435 1973 570 2030 11111211.
589 1977 693 2026 ‘tueri
708 1976 758 2027 dno
773 1977 913 2043 significat,
928 1993 1007 2030 unum
1021 1978 1053 2028 ab
1066 1987 1181 2045 aspectu,

66 2051 95 2092 ut
114 2045 188 2106 dixi,
212 2042 280 2093 uude
296 2052 334 2098 est
352 2045 417 2094 Enni
435 2044 515 2096 illud:
537 2053 611 2094 tueor
627 2053 652 2094 te
668 2061 748 2095 senex
820 2057 859 2096 et:
883 2049 940 2111 quis
958 2049 1043 2113 pater’
1069 2064 1094 2100 e.
1113 2063 1138 2110 q.
1157 2064 1180 2098 s.

68 2110 153 2170 Quem
171 2127 274 2162 uersum
291 2127 341 2162 nou
357 2113 547 2174 hexametmm,
567 2113 636 2177 quod
650 2115 730 2180 uulgo
748 2115 911 2174 credebatur,
930 2117 976 2166 sed
992 2118 1182 2183 tragoedIarum

68 2199 126 2232 esse
146 2189 175 2230 ut
192 2198 266 2246 quern
285 2183 430 2248 proximum
448 2184 558 2248 ascripsi
571 2183 725 2234 Ritschelius
745 2185 831 2235 docuit
844 2185 899 2239 lnd.
916 2185 997 2237 schol.
1016 2187 1097 2236 Iioun.
1116 2195 1180 2241 aest.

69 2251 139 2303 1852
160 2267 186 2316 p.
202 2250 250 2301 XV
320 2252 392 2301 XXV
416 2251 514 2302 Gellius
528 2252 636 2303 1111120
657 2254 767 2304 ‘Ennius
788 2255 848 2303 item
868 2263 951 2304 rectus
965 2271 1102 2320 cupressos
1116 2256 1182 2305 dixit

69 2330 162 2370 contra
180 2328 309 2386 receptum
327 2321 446 2371 uocabuli
464 2337 547 2388 genus
563 2322 613 2371 hoc
629 2337 721 2372 uersu:
741 2323 881 2389 capitibus¹
901 2341 924 2373 e.
940 2339 966 2386 q.
985 2340 1006 2374 s.
1028 2324 1139 2376 ‘tirmior
1156 2327 1180 2374 ei

68 2391 148 2440 credo
167 2397 192 2439 et
214 2390 321 2440 uiridior
335 2391 413 2441 sunus
436 2405 492 2441 csse
510 2392 582 2440 nocis
600 2392 672 2442 uisus
690 2401 742 2453 est,
771 2399 878 2444 rectos
895 2393 980 2443 dicere
997 2409 1180 2460 cupressus,

70 2475 151 2523 quam
170 2468 261 2513 rectus.
297 2459 390 2510 Contra
408 2474 469 2512 nero
487 2459 556 2509 idem
569 2460 664 2509 Ennius
679 2463 706 2510 in
720 2461 806 2512 anuali
824 2462 1061 2513 duodeuiceusimo'
1081 2479 1105 2517 c.
1120 2479 1145 2526 q.
1158 2477 1179 2513 s.

68 2529 170 2579 Nonius
178 2544 206 2593 p.
219 2528 277 2592 195,
290 2530 324 2578 24
339 2533 531 2593 ‘cupressus
545 2531 648 2594 generis
658 2529 788 2590 feminini,
802 2539 829 2580 nt
840 2531 1004 2581 dubiumnun
1014 2539 1061 2585 est.
1080 2532 1180 2582 Mascu-

69 2599 115 2648 liui
134 2597 248 2648 Ennius:
268 2599 406 2663 capitibus'
428 2613 451 2650 e.
471 2615 496 2662 q.
517 2613 537 2648 a.
609 2598 693 2648 XXVI
711 2599 799 2649 Cicero
818 2599 849 2649 de
867 2600 920 2649 diu.
942 2601 1019 2666 140,
1038 2599 1073 2650 88
1092 2604 1181 2663 ‘atque

69 2670 148 2717 etlam
163 2675 221 2715 ente
236 2667 284 2718 hus
293 2667 464 2734 Amphiaraus
476 2675 501 2716 et
509 2667 638 2727 Tiresias,
654 2683 704 2717 uon
719 2668 829 2718 humiles
845 2677 870 2718 et
884 2668 987 2718 obscuri
1002 2684 1083 2734 neque
1093 2683 1180 2720 eurum

69 2737 184 2796 similes,
210 2745 238 2785 ut
264 2737 334 2802 apud
358 2737 468 2786 Ennium
490 2744 544 2797 est,
571 2738 625 2798 qui
649 2739 701 2786 sui
724 2745 878 2800 quaestus
902 2739 1010 2788 causa'
1036 2755 1059 2788 e.
1078 2755 1102 2802 q.
1120 2754 1143 2791 s.

102 2805 205 2856 XXVII
222 2804 296 2855 libet.
312 2806 346 2856 ad
358 2806 512 2855 Herennium
527 2806 562 2856 lV
578 2805 625 2866 12,
645 2805 677 2856 18
698 2810 737 2856 ‘et
756 2807 780 2855 si
798 2806 937 2858 uitabimus
952 2807 1067 2857 eiusdem
1083 2807 1181 2857 litterae

70 2877 179 2925 nimiam
194 2875 385 2935 assiduitatem,
405 2875 447 2924 cui
464 2876 527 2924 uitio
543 2889 633 2924 uersus
646 2874 689 2924 hic
703 2877 752 2926 erit
764 2875 884 2942 exemplu
900 2876 972 2942 (nam
987 2875 1030 2926 hic
1044 2875 1108 2926 nihil
1120 2891 1181 2942 pru-

70 2945 142 2995 hibet
164 2946 191 2993 ln
213 2945 284 2994 uitiis
306 2944 398 2994 alicula
416 2943 541 3010 exemplis
559 2941 621 3008 uti):
649 2945 752 2994 uTite'
771 2963 795 2997 e.
814 2961 839 3008 q.
858 2962 880 3001 s.
900 2945 976 3010 [lun.
997 2944 1058 3012 113]
1082 2949 1121 2996 ‘et
1138 2945 1180 2996 bic

70 3014 189 3064 eiusdem
207 3016 313 3080 poetae:
332 3014 524 3077 quicquam.
543 3029 568 3076 q.
589 3029 613 3066 s.

111 3229 167 3284 443
187 3239 229 3296 sq.
246 3224 309 3294 quis
329 3240 381 3278 uos
402 3229 482 3294 pater
495 3229 542 3278 aut
560 3227 695 3293 cognatus
711 3223 787 3277 uolet
803 3220 904 3277 Contra
921 3221 993 3278 tueri
1008 3221 1182 3279 Riuchetau.

72 3311 134 3380 quis
150 3315 232 3380 peter
246 3312 293 3362 aut
312 3312 450 3379 cognatus
465 3308 540 3362 uolet
555 3323 607 3361 uos
628 3311 725 3362 contra
740 3307 810 3361 tueri
832 3307 923 3362 Varro
1015 3311 1067 3365 tls
1082 3313 1181 3363 nutan-

72 3394 143 3449 tibus
159 3392 280 3462 Natus,
299 3390 406 3463 Grypb.
424 3409 476 3463 ηις.
503 3391 579 3446 Voss.
597 3407 635 3445 m.
646 3407 697 3461 pr.
713 3391 833 3445 nutantis
856 3391 934 3446 Vuae.
951 3406 1027 3446 corr.
1040 3406 1102 3445 cum
1113 3397 1181 3446 cete-

72 3479 111 3532 ris
199 3479 252 3536 446
273 3476 310 3530 ibi
324 3475 503 3545 Ritscbelius,
526 3492 578 3530 um.
595 3475 659 3530 libri
740 3478 793 3532 448
812 3489 943 3543 umquam
959 3474 990 3530 0.
1008 3473 1181 3546 Ribbeckt'uq

73 3579 125 3616 om,
138 3561 210 3617 libri.
296 3559 449 3632 quidquam
465 3559 612 3630 quisquam
627 3558 757 3628 cuiquam
772 3556 847 3629 quod
863 3557 890 3610 ei
910 3557 1058 3612 conueniunt
1073 3557 1103 3614 0.
1115 3557 1182 3612 Rib-

74 3645 194 3700 beotius.
215 3645 364 3716 quicquam
382 3645 468 3715 quicq
483 3660 588 3714 quemq
609 3643 701 3713 quisq.
717 3642 866 3697 conueniat
888 3641 1016 3696 Wuerzu.
1033 3641 1180 3711 quisquam

75 3731 223 3801 quicquam
239 3744 399 3800 quanquam
415 3743 573 3799 quenquam
589 3727 737 3796 quisquam
757 3725 907 3781 conueniat
922 3725 1009 3798 Opitz.
1031 3725 1181 3795 quicquam

75 3816 221 3885 quisquam
238 3828 405 3884 quemquam
421 3813 539 3883 quisquc
556 3811 705 3866 conueniet
723 3809 832 3865 Wadi.
844 3810 921 3865 Fris.
938 3808 1090 3881 quidquam
1105 3810 1182 3879 quis-

77 3913 158 3968 quam
175 3913 342 3968 quemquam
357 3912 469 3968 quemq.
488 3896 580 3967 quisq.
596 3897 746 3950 conueniat
766 3893 836 3948 Pur.
863 3893 1014 3965 quidquam
1034 3893 1181 3964 quisquam

77 3997 243 4053 quemquam
261 3983 381 4052 quisque
396 3980 548 4036 conueniat
562 3979 660 4034 Bamb.
675 3997 702 4033 u.
717 3977 869 4050 quidquam
882 3978 1029 4048 quisquam
1044 3992 1181 4048 quemque

78 4067 194 4136 quisque
216 4066 367 4120 conueniat
388 4064 488 4121 Bamb.
508 4064 534 4120 b.
554 4064 707 4135 quidquam
723 4063 870 4132 quisquam
888 4077 1055 4133 quemquam
1070 4077 1181 4131 quemq.

78 4151 138 4218 quis
157 4150 306 4206 conueniat
323 4149 416 4205 Troes.
435 4147 588 4220 quidquam
604 4149 752 4219 quisquam
770 4162 937 4217 quemquam
953 4145 1014 4216 quis
1032 4145 1182 4200 conueniat

81 4231 147 4290 Tur.
162 4234 317 4307 quidquam
332 4234 480 4306 quisquam
495 4233 627 4304 cuiquam
646 4230 722 4302 quod
738 4231 888 4288 conueniat
902 4231 983 4303 cubo
