2794 4942
617 377 972 438 tntoottotattvtt

772 549 804 619 X

337 663 508 758 mumque
525 665 567 734 de
582 665 722 736 oonsilio
740 665 804 738 hoo
820 667 916 740 itiner
932 672 1034 742 credo
1054 673 1208 742 renatum
1235 673 1336 740 modo.

763 803 808 874 Xl

335 917 403 988 'l'ed
428 919 536 1010 ipsum
557 925 689 1013 oportet
711 920 775 993 hoo
798 924 944 1016 profiteri
967 929 1001 996 et
1021 925 1175 1020 proloqui

246 1027 308 1091 385
335 1020 529 1094 Aduorsum
547 1023 636 1094 illam
656 1025 744 1095 mihi.
926 1026 928 1036 '

741 1159 802 1232 llll
814 1160 831 1197 *

333 1273 371 1347 Si
386 1275 481 1346 uoles
498 1276 674 1349 aduertere
692 1280 851 1368 animum,
879 1284 1016 1356 comiter
1033 1289 1280 1358 monstrabitur.

732 1417 806 1488 xltt
819 1416 836 1453 *

333 1581 341 1598 .
395 1528 512 1616 homo,
525 1535 596 1626 'qui
619 1535 740 1605 erranti
759 1537 896 1608 comiter
916 1542 1078 1610 monstrat
1099 1543 1199 1627 uiam,

331 1631 433 1714 Quasi
455 1632 565 1705 lumen
587 1638 629 1708 de
649 1660 711 1708 suo
732 1639 855 1710 himine
877 1643 1052 1727 accendat,
1080 1645 1172 1714 iaoit:

330 1734 438 1806 Nihilo
461 1738 569 1810 rninus
591 1741 654 1834 ipsi
675 1740 779 1836 lucet,
804 1766 877 1814 cunr
899 1744 946 1816 illi
964 1748 1162 1821 accenderit.

668 1951 895 2026 THYESTES

245 2199 306 2262 390
333 2192 393 2265 set
409 2217 462 2268 me
480 2199 605 2293 Apollo
628 2204 723 2298 ipsus
745 2090 884 2280 delectat
904 2209 1025 2306 phot]
1051 2213 1163 2283 ductat
1179 2157 1329 2286 Delficus.

229 2393 306 2442 urbe
328 2404 366 2446 eat
385 2399 515 2464 aedilicia,
542 2406 663 2458 oiuitaa
682 2410 781 2462 incolae
861 2413 1061 2465 EnniueTeleio
1202 2416 1228 2467 X
1245 2414 1331 2465 Nonius

228 2477 254 2527 p.
268 2461 329 2524 400,
345 2466 377 2516 tt
396 2467 513 2521 ‘itiner
531 2489 577 2539 pro
596 2476 652 2527 iter.
679 2480 776 2531 Ennius
788 2482 902 2550 Telepho
1033 2484 1070 2534 Xl
1089 2484 1185 2536 Nonius
1198 2502 1227 2551 p.
1238 2485 1294 2545 232,
1304 2483 1332 2533 ot

229 2531 415 2586 ‘aduorennr
433 2555 532 2592 rursum
554 2548 623 2611 apud
643 2549 771 2614 signifieat
850 2553 948 2604 Ennius
963 2553 1052 2603 Teleio
1067 2555 1115 2603 ...’
1144 2554 1329 2622 (Ennius...

229 2601 306 2652 mihi
321 2619 370 2654 orn.
387 2606 461 2658 Bern.
477 2612 600 2680 aBaail.)
669 2615 719 2668 XII
737 2622 818 2671 Varro
834 2622 866 2672 de
878 2623 907 2672 L.
919 2622 949 2672 L.
960 2623 1095 2674 11118οΜ.
1117 2625 1202 2690 ‘apud
1216 2626 1329 2676 Ennium:

229 2671 264 2722 ai'
282 2688 305 2721 e·
322 2689 347 2737 q.
363 2689 384 2725 a.
405 2680 570 2734 ‘comitem
590 2686 673 2738 hilara
685 2703 715 2738 ao
728 2689 861 2742 lubenter!
932 2691 991 2743 Xlll
1010 2693 1099 2744 Cicero
1116 2693 1148 2745 de
1162 2693 1206 2744 off.
1223 2697 1234 2745 l
1251 2694 1289 2752 16,
1301 2691 1327 2741 51

229 2744 356 2793 ‘omniurn
375 2754 459 2798 autern
479 2757 622 2806 eommunia
642 2756 773 2810 hominurn
793 2761 913 2811 uidentur
930 2777 973 2823 ea,
997 2778 1062 2826 quae
1079 2771 1137 2812 sunt
1154 2765 1257 2830 generis
1274 2764 1329 2820 eiua,

228 2813 297 2874 quod
319 2814 350 2864 ab
365 2815 446 2868 Ennio
461 2822 574 2886 positum
590 2826 616 2874 in
635 2842 686 2876 una
701 2844 728 2878 re
742 2829 875 2888 transferri
893 2831 920 2880 in
934 2833 1088 2897 permultae'
1109 2833 1162 2900 (aie
1177 2832 1266 2884 Bamb.
1282 2831 1328 2881 ab.

226 2882 403 2934 transferri
422 2901 481 2952 per
498 2893 616 2944 multas
635 2894 723 2961 Oehl.)
749 2902 847 2964 ‘potest
872 2897 1063 2968 [aot—389t’
1100 2903 1199 2952 ibidem
1219 2905 1252 2956 52
1278 2899 1329 2951 ‘ted

228 2953 347 3026 quoniam
366 2958 457 3021 copiae
473 2974 570 3024 paruae
590 2966 748 3031 singulorum
765 2976 836 3029 eunt,
856 2985 944 3023 eorum
963 2979 1047 3022 autern
1067 2973 1111 3036 qui
1131 2973 1169 3022 eis
1190 2977 1279 3039 egeant
1296 2971 1328 3018 in·

227 3019 299 3070 finita
312 3031 350 3072 eat
365 3026 515 3091 multitudo,
535 3033 650 3100 uulgaris
667 3035 807 3088 liberalitas
820 3039 955 3092 referenda
970 3048 1008 3091 eat
1021 3041 1054 3092 nd
1069 3041 1143 3090 illum
1157 3043 1234 3092 Ennii
1248 3042 1326 3092 tinen:

201 3147 204 3160 Ι
228 3090 336 3141 nihilo
355 3096 461 3147 nrinue
481 3100 546 3164 ipai
563 3103 669 3154 lueet.⁸
697 3107 767 3157 Idem
787 3124 834 3175 pro
853 3109 933 3162 Balbo
951 3109 990 3172 16,
1004 3109 1039 3162 36
1062 3114 1160 3162 ‘cornea
1180 3111 1282 3180 benigni
1297 3108 1328 3158 ta-

226 3159 289 3210 cilee
314 3177 406 3213 suauea
428 3164 544 3221 homines
565 3188 621 3224 ease
643 3174 774 3227 dicuntur:
803 3179 857 3242 qui
874 3182 998 3230 erranti
1023 3181 1161 3230 comiter
1179 3185 1328 3232 monstrat

225 3231 326 3348 githa,
341 3232 460 3300 benigue,
475 3252 524 3289 non
537 3246 661 3308 grauate.¹
687 3247 829 3312 Vtrumque
843 3248 1014 3316 fragmentum
1028 3251 1077 3300 huo
1091 3252 1223 3301 reuocauit
1235 3251 1264 3303 0.
1276 3247 1328 3300 utb-

244 3315 272 3349 eo
292 3314 331 3349 rue

259 3369 404 3422 Titins‘rits
439 3377 451 3423 l
469 3375 566 3428 Nonius
577 3396 604 3447 p.
617 3381 660 3444 97,
673 3382 706 3434 32
725 3386 921 3449 ‘delectare
942 3388 1056 3449 inlicere,
1072 3389 1216 3441 adtrahere.
1242 3387 1327 3442 Ennius

266 3611 320 3668 888
336 3611 371 3665 de
385 3629 437 3669 om.
458 3617 497 3674 W
563 3627 616 3684 384
634 3625 681 3681 ted
692 3627 784 3700 ipsum
797 3635 906 3701 oportet
916 3629 970 3686 hoo
981 3629 1106 3701 profiteri
1119 3629 1150 3686 0.
1161 3629 1327 3687 Ribbookiot·

225 3698 250 3748 te
267 3694 359 3765 ipsunt
374 3696 429 3754 hoe
446 3713 556 3774 oportet
569 3710 694 3779 profiteri
710 3713 786 3780 libri,
808 3715 883 3786 qood
896 3731 951 3770 non
966 3717 1081 3771 mult
1090 3715 1284 3772 totmanno
1295 3709 1328 3765 ml

224 3777 308 3833 Lacr.
325 3779 409 3840 1778
491 3791 544 3849 387
568 3799 596 3846 ut
616 3793 701 3852 horno
719 3797 809 3852 Batti.
829 3797 903 3855 Oeltl.
990 3801 1084 3856 comiti
1105 3801 1193 3868 Boot
1214 3793 1328 3857 Bemd

225 3863 292 3935 Erf.
310 3863 385 3920 Oeltl.
471 3874 546 3930 uiam
562 3881 937 3940 northamannorum.
1023 3889 1077 3946 388
1097 3885 1177 3957 quasi
1192 3879 1325 3940 tumendo

226 3964 276 4003 suo
301 3951 405 4007 lumine
427 3955 516 4013 Bern.
535 3978 553 4014 a
567 3961 583 4015 3
597 3979 613 4017 o
628 3965 648 4019 d
666 3966 755 4022 Bnar'l.
778 3967 845 4039 Erf.
874 3969 954 4040 quasi
978 3969 1014 4024 de
1039 3987 1090 4026 suo
1118 3970 1221 4025 lumine
1244 3971 1326 4048 tumen

225 4031 344 4089 Berne
367 4036 443 4094 Oeltl.
529 4049 582 4104 389
608 4053 638 4103 ut
661 4049 764 4106 nichilo
787 4053 880 4109 minus
904 4052 980 4109 Oelrl.
1008 4061 1038 4110 ut
1058 4055 1144 4110 nihilo
1164 4055 1255 4110 rninus
1274 4053 1323 4108 Ba-

225 4117 268 4171 at'l.
355 4121 409 4194 ipsi
430 4125 521 4183 luceat
533 4130 622 4187 Bam.
640 4134 656 4188 3
670 4152 686 4190 c
701 4137 749 4192 de
762 4137 853 4193 Boot.
868 4139 936 4211 Erf.
950 4139 1050 4195 Bamb.
1067 4159 1085 4195 α
1100 4139 1115 4194 3
1132 4139 1208 4195 0631.
1230 4139 1280 4212 ipsi
1302 4137 1326 4188 ul

226 4202 318 4258 luceat
331 4203 420 4262 Bern.
437 4229 465 4266 o.
489 4219 517 4268 ot
529 4215 584 4287 ipsi
603 4219 695 4276 luceat
712 4220 781 4294 Rep.
794 4215 865 4279 tait.
950 4227 1005 4286 890
1025 4226 1103 4297 ipsus
1121 4224 1240 4282 delectat
1253 4221 1324 4280 lactat

227 4283 258 4339 0.
274 4286 448 4350 Ribbecln'oa.
468 4298 530 4369 ipse
546 4300 665 4360 delectat
680 4306 744 4364 libri
