2784 4940
478 391 734 452 PRAEFATIO
1096 399 1164 445 x111

54 556 194 641 corrige:
218 556 302 622 ‘sed
322 554 484 641 ignobiles
502 565 612 622 temon
634 563 666 620 et
689 553 833 642 opulenti
852 546 928 618 ἀντὶ
949 546 1167 629 ἀδοξούντων

55 672 106 738 sul
124 671 325 740 δοκούντων
350 697 376 740 s.
399 674 424 738 f.
444 697 471 739 s.
493 697 526 738 n.
545 674 717 740 uldentur’
804 675 866 736 254
892 671 1004 736 nesoio
1025 691 1069 735 sn
1092 671 1167 734 reli·

61 793 177 876 giosius
191 792 346 859 oodioum
363 793 514 879 uestigiis
527 792 667 856 seruatis
689 792 736 856 ito
757 789 996 855 emendandum
1014 789 1074 853 sit:
1095 809 1166 854 nam

58 917 149 989 cuiq.
170 931 201 976 ο.
224 918 247 976 i.
269 917 424 978 indicna
443 919 591 991 nequiore
676 911 805 996 258s're
827 915 899 975 illuc
916 912 996 973 lubet
1012 906 1167 972 Hertzius
1265 926 1269 936 ’

59 1027 199 1112 elibris,
227 1037 266 1094 ut
287 1029 420 1094 uidetur
504 1029 856 1115 IphigenianIII
883 1029 918 1092 in
945 1025 1070 1092 Donati
1095 1047 1168 1091 uer-
1229 1055 1237 1066 ·

58 1144 105 1208 bis
124 1145 183 1212 sub
202 1146 391 1212 ancillae
412 1167 553 1232 persons
571 1145 726 1212 latentem
746 1146 955 1214 Achillem
978 1144 1168 1232 Sohopeous

57 1265 186 1348 agnouit
272 1263 418 1330 Medea
439 1264 531 1330 exul
554 1265 571 1328 I
592 1273 670 1351 post
683 1265 836 1330 Rhetoris
856 1285 1003 1330 uersum:
1027 1264 1169 1328 ‘utinum

56 1403 95 1444 ne
122 1389 194 1446 eru’
224 1405 254 1448 e.
286 1406 319 1471 q.
348 1405 374 1447 s.
403 1383 591 1471 Ksyssrus:
627 1385 755 1448 ‘animo
782 1404 898 1468 aegro,
931 1403 1043 1448 umore
1070 1405 1168 1450 soeuo

59 1499 182 1564 sauciu’
220 1499 302 1566 eddi
336 1499 428 1566 iubet
511 1501 574 1566 282
606 1502 730 1567 scribo:
765 1505 972 1576 incohandum
1001 1507 1170 1569 incolendo

59 1615 181 1683 Ratisb.
202 1625 425 1686 insulanorum
444 1618 585 1705 Rhodig.
605 1622 624 1684 2
642 1620 786 1708 Kayseri
870 1621 932 1684 286
955 1624 1077 1688 Colchos
1095 1643 1170 1688 eon-

60 1732 132 1800 ieoit
157 1737 331 1825 Kayserus
364 1739 449 1804 conl.
481 1736 568 1804 Plin.
597 1737 639 1802 N.
668 1737 711 1803 H.
740 1739 794 1804 IX
820 1743 861 1804 54
948 1741 1010 1804 326
1042 1741 1171 1826 oorrige

61 1865 137 1918 certo

139 1971 485 2064 Heduphagetiou
526 1980 564 2040 he
587 1981 627 2041 ds*
650 1981 808 2057 pleuritica
834 1979 1094 2041 οᾶοὶονοεοήοοὶῑ
1118 1982 1170 2040 in-

64 2097 254 2158 numerabilia
274 2115 392 2174 uenero
408 2100 537 2176 piscium
558 2094 675 2178 Laus,
701 2095 789 2161 unde
811 2094 859 2159 sio
880 2096 1043 2181 corrigas:
1074 2101 1171 2176 oedy-

62 2211 213 2287 plouelioo
226 2219 365 2280 uersibus
376 2219 494 2280 scribsit
506 2225 540 2279 el
554 2221 616 2280 iun.
624 2237 656 2294 a.
663 2222 699 2296 p.
763 2215 946 2300 οονοοᾴᾅνοτ
1011 2219 1024 2278 1
1040 2220 1173 2279 omniuo

67 2335 96 2386 ut
114 2330 211 2410 cuper
298 2319 432 2418 loep‘as
450 2355 528 2414 pero
614 2336 704 2421 2sq.
725 2336 861 2420 abaedrjm,·
881 2334 1050 2400 mitilene?
1066 2344 1172 2414 pecten

67 2451 281 2531 seruorumque
303 2457 389 2532 opud
408 2459 560 2518 umbrosis
578 2459 649 2531 stols
733 2458 753 2518 4
782 2457 931 2518 brunulfus·
947 2475 1056 2533 surque
1080 2457 1172 2518 bonus

67 2572 107 2624 est
164 2571 250 2657 lsq.
269 2590 398 2650 maanus
411 2578 440 2637 si
451 2579 509 2637 erit
522 2592 604 2636 sume
621 2577 791 2651 optimum
850 2578 981 2650 torrenti
1064 2575 1173 2635 θεον-

68 2688 141 2746 renti
159 2693 282 2768 telopem
306 2689 385 2777 (nisi
405 2710 465 2776 pro
486 2696 533 2756 tel.
555 2699 604 2755 est
623 2696 695 2768 uel.)
777 2666 916 2768 [asemas
936 2697 1078 2770 plausum
1100 2700 1175 2770 apul

70 2816 165 2866 cumas
190 2812 229 2884 qd
312 2806 477 2874 Versuum
499 2814 529 2872 7.
549 2809 579 2872 8.
597 2812 616 2873 9
640 2808 773 2875 exhibet
794 2809 941 2873 ordinem
961 2809 1131 2895 uulgatum

109 2921 126 2979 7
146 2930 333 2992 molosorum
344 2934 547 3010 merulamque
560 2932 666 2992 umbro
681 2935 770 3008 inque
855 2929 874 2991 8
897 2949 1018 2994 scarum
1027 2934 1177 3010 praeterii

71 3035 146 3158 IOug's
158 3062 236 3121 pene
256 3053 377 3128 suppra·
462 3051 500 3112 10
513 3053 636 3129 polipus
657 3054 773 3114 corcire
860 3052 898 3114 10
914 3069 963 3136 sq.
983 3068 1077 3113 come
1092 3068 1175 3127 por-

69 3157 145 3228 rurs
165 3171 324 3230 murricrslr'
342 3185 442 3232 mures

151 3273 417 3364 Epicharmus
464 3288 478 3348 1
500 3291 650 3352 somniare
671 3305 717 3352 me
738 3299 767 3352 et
786 3308 840 3367 epo
860 3286 954 3351 Leid.
977 3307 997 3350 s
1017 3284 1040 3351 b

151 3391 229 3462 Ine.
252 3398 320 3466 lib.
342 3401 414 3466 rel.
436 3401 550 3468 LVIII
572 3425 644 3470 uero
663 3409 791 3488 eaquae]
813 3427 885 3471 uere
905 3426 972 3492 νιος
997 3402 1133 3470 Leid.b

113 3522 280 3583 αοοεοοο
305 3519 401 3586 Lero.
421 3519 455 3585 b.
485 3499 654 3603 acro'uss
680 3522 775 3590 Lero.
804 3547 834 3590 a.
870 3528 1049 3590 mucoso
1076 3522 1175 3616 uino.

78 3635 239 3700 oeroscluu
266 3637 338 3702 Erl.
430 3661 470 3705 ex
495 3647 604 3722 primis
630 3663 737 3708 uersus
763 3648 868 3707 litteris
895 3641 995 3708 Vind.
1022 3631 1064 3708 rx
1086 3648 1179 3722 primi

79 3757 173 3810 uersus
192 3758 297 3820 luteris
317 3755 411 3821 Leid.
427 3777 447 3821 s
466 3767 498 3823 et
521 3757 600 3847 (nisi
622 3759 709 3846 quod
730 3759 836 3844 literis)
859 3760 929 3824 Erl.
951 3767 1084 3842 exprimi
1102 3781 1178 3825 uer·-

80 3869 232 3935 scruteris
244 3872 375 3940 Leid.b
461 3843 677 3970 aliquiIVind.
764 3886 925 3944 conectitur
937 3879 1036 3945 Vind.
1045 3878 1178 3944 Leid.a.
1216 3929 1219 3936 .

82 3982 255 4063 cosloectimr
273 3990 368 4058 Laid.
381 3993 414 4059 b.
436 4007 619 4064 connectitur
638 3997 708 4062 Erl.
798 4002 846 4081 Q.]
869 4018 947 4078 quae
965 3995 1064 4062 Vind.
1082 3996 1177 4062 Leid.

83 4091 138 4159 ab·
158 4123 211 4181 que
231 4107 301 4175 Erl.
324 4113 357 4177 in
376 4111 470 4178 Leid.
486 4135 504 4178 ο
525 4113 616 4180 locus
630 4115 844 4181 desideretur.
888 4115 1040 4204 Denique
1058 4135 1178 4180 nouum

84 4204 173 4282 Ennii
190 4245 319 4292 uersum
341 4238 374 4294 et
394 4230 537 4296 ostendit
561 4241 593 4296 et
615 4235 734 4319 eripuit
756 4256 821 4298 uno
843 4234 1059 4317 Ritsohelius‚
1088 4234 1180 4299 illum

85 4333 134 4411 qul
154 4350 201 4406 est
218 4349 251 4410 in
274 4347 411 4413 detectis
431 4371 535 4437 nuper
550 4349 720 4417 Ciceronis
743 4351 784 4416 de
802 4353 870 4418 fato
893 4352 995 4418 libelli
1018 4351 1179 4435 fragmen·
