2770 4946
510 369 752 441 RELIQVIAE

610 538 638 610 ll

106 671 185 734 35.
239 714 266 741 .,
302 715 311 734 .
363 715 372 732 .
426 715 435 732 .
489 713 498 730 .
550 659 683 751 prolato
706 681 783 776 ecre
806 657 909 730 astitit

576 847 688 920 AlAX

608 987 622 1056 Ι
635 984 652 1022 b

177 1089 371 1177 salmacida
386 1105 494 1198 spolia
515 1108 587 1176 sine
606 1105 730 1176 sudore
751 1108 784 1175 ct
801 1103 965 1199 sanguine

600 1243 628 1312 ss
642 1240 658 1279 ὴ

176 1362 251 1432 Hoc
274 1363 386 1434 limen
407 1363 577 1434 inbarnest
599 1363 689 1457 quod
709 1363 742 1433 in
763 1363 856 1434 caelo
876 1355 1000 1435 cerno?

584 1499 626 1572 ΠΙ
639 1497 680 1538 *a

241 1673 250 1692 .
304 1624 414 1691 utrum
431 1620 528 1692 hocin
550 1619 665 1690 leriam
684 1641 727 1688 an
748 1620 790 1691 ab
811 1619 908 1692 laeui
928 1616 1040 1732 letus?

608 1755 656 1827 lV

178 1875 244 1962 Qui
265 1877 332 1947 rem
353 1899 427 1948 cum
445 1876 584 1948 Achiuis
607 1876 787 1970 gesserunt
806 1877 916 1948 statim
969 1929 978 1946 .
1032 1929 1040 1948 .

109 2077 132 2126 ll
150 2077 243 2127 Festus
255 2092 283 2144 p.
299 2079 351 2130 242
365 2079 399 2128 Μ.
429 2078 574 2146 ‘prolato
597 2094 670 2130 aere
691 2079 800 2129 astitit
821 2065 918 2129 Ennius
933 2076 1050 2128 Achillae
1071 2079 1110 2128 in'
1134 2078 1187 2145 (io

78 2146 213 2197 Achille
229 2147 358 2214 Scaliger)
378 2149 538 2199 ‘Aristarchi
553 2165 610 2199 cum
626 2150 674 2210 ait,
694 2148 822 2215 significat
836 2149 926 2216 clypeo
942 2156 1000 2197 ante
1011 2163 1040 2198 se
1052 2150 1187 2216 protento!

77 2216 169 2266 Paulus
187 2233 215 2283 p.
234 2217 286 2269 243
299 2218 333 2268 bl.
359 2219 511 2284 ‘prolato
529 2234 607 2270 aare
628 2219 698 2285 apud
714 2219 823 2270 Ennium
841 2217 970 2285 significet
990 2225 1062 2269 acuto
1081 2226 1140 2270 ants
1159 2235 1187 2269 se

77 2288 211 2351 protento.'
940 2320 943 2328 ·

111 2357 186 2407 Aiax
222 2355 342 2406 Il'estus
358 2355 452 2422 poso
465 2357 499 2407 M.
527 2356 1187 2424 ‘Salmacisnominenymphailaellet‘l‘errae

77 2425 229 2476 filiaiertur
248 2425 421 2476 canscientia
441 2427 600 2477 Halicarnasi
626 2443 708 2493 aquae
732 2427 902 2494 appellandae
923 2427 1004 2480 luisse
1024 2427 1187 2490 Salmacidis,

79 2511 153 2558 quam
166 2497 213 2560 qui
228 2496 353 2557 bibisset,
371 2497 436 2547 uitio
449 2497 626 2564 impudicitiae
639 2497 808 2550 mollesceret.
835 2496 872 2547 0b
890 2513 947 2548 eam
960 2513 1029 2558 rem,
1051 2499 1120 2560 quod
1132 2499 1187 2549 eius

78 2567 159 2616 aditura
178 2573 330 2632 angustatus
345 2566 485 2631 parietibus
500 2567 660 2618 occasionem
678 2569 785 2634 largitur
800 2567 936 2618 iuuenibus
951 2567 1124 2633 petulantibus
1142 2583 1188 2617 an-

77 2637 247 2686 tecedentium
259 2651 396 2702 puerorum
409 2637 603 2702 puellarumque
617 2637 810 2696 uiolandam,
830 2637 953 2699 quianon
967 2643 1037 2702 patet
1047 2637 1185 2704 refugium.

78 2706 172 2756 Ennius
189 2707 246 2756 ...⁹
276 2706 365 2757 Cicero
378 2707 410 2756 de
424 2707 468 2756 off.
485 2708 496 2755 l
511 2707 552 2768 18,
566 2707 598 2758 61
619 2709 719 2770 ‘itaque
738 2709 765 2756 in
779 2707 880 2772 probris
894 2707 1006 2756 maxime
1023 2708 1049 2756 in
1067 2715 1187 2773 promptu

78 2783 130 2836 est,
150 2777 174 2826 si
190 2775 254 2840 qnid
267 2777 319 2826 tale
337 2775 389 2846 dici
406 2785 503 2842 potest:
529 2779 658 2827 uos'euim
677 2779 783 2826 iuuenes
797 2777 910 2826 smmum
924 2777 1013 2842 geritis
1027 2777 1187 2837 muliebrem,

78 2845 121 2894 illa
132 2848 210 2912 uirgo
220 2847 280 2906 uiri,
296 2847 354 2896 etsi
368 2847 431 2908 quid
444 2847 499 2896 eius
514 2847 596 2897 modi:
613 2846 772 2898 Salmacida'
785 2863 808 2899 e.
821 2862 845 2909 q.
857 2861 878 2896 s.
906 2847 947 2896 Ad
960 2847 1066 2896 Aiacem
1081 2845 1110 2896 0.
1126 2847 1188 2896 hib-

78 2915 182 2966 bccliins
195 2915 275 2966 relert
345 2917 368 2964 ll
386 2917 469 2966 Varro
481 2917 513 2966 de
525 2917 554 2967 L.
569 2917 599 2966 L.
615 2917 651 2967 Vl
666 2917 730 2968 nM.
758 2920 800 2966 ‘nt
818 2923 876 2967 ante
896 2917 977 2966 solem
997 2925 1094 2976 ortum,
1119 2916 1188 2980 quod

79 2985 166 3034 eadem
189 2985 266 3036 stella
283 2994 389 3034 uocatur
412 2987 518 3046 iubar,
549 2987 618 3049 qaod
637 2987 740 3046 iubata,
766 2987 926 3036 Pacuuianus
946 2985 1008 3036 dicit
1027 2995 1114 3051 pastor

79 3054 151 3104 Ennii
172 3056 255 3105 Aiax:
279 3054 329 3104 hoc
350 3055 447 3105 lumeu’
472 3072 495 3106 e.
515 3071 540 3119 q.
560 3071 582 3105 s.
611 3056 753 3122 (Ennius
769 3057 852 3106 Aiax
868 3055 973 3106 lumen
989 3055 1062 3121 libri)
1090 3057 1188 3106 lbidem

79 3125 112 3172 Vl
128 3123 161 3175 81
177 3125 213 3174 Μ.
234 3128 343 3174 ‘cerno
356 3125 425 3174 idem
436 3125 519 3175 ualet:
539 3127 625 3190 itaque
635 3141 682 3192 pro
695 3127 770 3176 uideo
785 3126 822 3175 alt
834 3127 947 3175 Ennius:
968 3124 1065 3178 lumeu'
1085 3143 1108 3176 e.
1124 3143 1149 3190 q.
1165 3141 1186 3175 s.

80 3195 175 3244 lbidem
185 3195 234 3244 Vll
244 3195 278 3245 ‘16
289 3195 323 3244 Μ.
339 3196 454 3260 ‘trigona
467 3195 570 3245 iaciant,
598 3196 740 3259 Aliquod
752 3195 873 3245 lumen’
890 3211 912 3245 e.
924 3212 948 3260 q.
958 3211 979 3244 s·
1002 3197 1110 3246 ‘iubar
1125 3196 1189 3245 dici-

80 3271 118 3312 tnr
137 3265 216 3314 stella
235 3263 351 3324 Lucifer,
376 3279 455 3326 quase
472 3267 499 3314 in
519 3279 619 3315 summo
637 3266 706 3328 quod
723 3265 801 3316 habet
820 3266 905 3316 lumen
923 3263 1044 3316 diffusum
1060 3273 1088 3316 ut
1104 3267 1142 3316 leo
1162 3267 1188 3314 iu

52 3369 53 3372 ,
82 3335 163 3399 capite
183 3334 290 3384 iubam.'
361 3334 396 3383 lll
421 3334 525 3384 Plautus
544 3335 640 3385 Cistell.
666 3337 701 3385 lll
724 3335 756 3386 10
780 3339 877 3385 ‘utrum
895 3331 971 3384 haoin
990 3335 1081 3386 leriam
1101 3351 1134 3384 an
1155 3336 1187 3386 ab

81 3403 152 3453 laeua
167 3404 266 3454 latns‘i'
296 3403 336 3454 cl,
352 3403 502 3454 lodewicus
519 3405 593 3454 Anal.
616 3421 685 3454 acen.
705 3421 731 3470 p.
747 3407 780 3455 22
849 3407 885 3455 lV
908 3405 1005 3456 Nonius
1027 3421 1054 3470 p.
1074 3404 1134 3464 393,
1156 3405 1188 3458 13

81 3477 205 3525 ‘statim
219 3473 343 3539 producta
356 3475 440 3539 prime
452 3474 552 3538 syllaba
566 3490 581 3524 a
594 3477 693 3535 stando,
713 3483 906 3540 perseueranter
920 3483 944 3524 et
956 3475 1096 3538 acqualiter
1108 3475 1188 3540 signi-

81 3542 146 3593 ficat.
172 3544 307 3593 Terentius
323 3541 435 3608 [Phorm.
451 3546 474 3593 V
488 3543 514 3603 3,
529 3543 555 3609 7]
580 3545 684 3596 Plautus
699 3544 855 3612 Amfltrpone
874 3543 898 3610 [l
913 3544 937 3606 1,
951 3542 994 3607 81]
1015 3544 1083 3594 idem
1100 3545 1126 3592 in
1146 3559 1188 3593 ea·

82 3613 137 3663 dem
159 3611 181 3678 [l
198 3614 222 3673 l,
239 3611 301 3678 120]
323 3613 420 3663 Ennius
434 3614 513 3664 Aiace
529 3649 548 3662 ..
559 3617 579 3662 .'

121 3793 156 3847 36
172 3787 335 3844 Salmonida
351 3789 442 3861 spolia
458 3789 582 3862 Scabper
596 3788 671 3846 Lect.
690 3790 794 3847 Aeson.
809 3788 882 3849 lna.
900 3789 939 3861 cf.
959 3786 1100 3845 lbrnebua
1116 3787 1206 3845 Adn'

82 3873 140 3927 XX
144 3871 223 3928 VIII
234 3877 279 3932 39.
297 3874 439 3931 Salmacid
454 3877 562 3946 aspolle
576 3877 637 3931 cod.
652 3875 735 3931 Festi.
756 3874 878 3932 Salmaci
900 3874 938 3931 da
960 3875 1051 3946 spolia
1065 3875 1146 3946 nolpo

82 3958 183 4013 sudore
205 3963 232 4012 et
253 3960 390 4032 sanguine
406 3959 511 4016 Oicerc.
533 3961 671 4032 sanguine
691 3966 719 4014 et
738 3959 842 4015 sudore
858 3959 956 4016 nestas
1059 3959 1093 4018 at
1116 3960 1206 4014 Aiax·

84 4040 139 4096 Hoc
163 4044 257 4097 lumen
279 4045 423 4100 iubarnest
441 4045 516 4116 quod
538 4043 568 4100 0.
587 4045 760 4102 Ribbeckt'ua.
783 4047 856 4101 Aiax
875 4046 968 4100 lumen
990 4045 1105 4100 iubarue
1127 4044 1190 4099 libri

89 4125 130 4181 VI
140 4131 165 4192 6,
187 4129 242 4183 nbi
254 4130 328 4200 prod
342 4130 458 4185 iubarne
473 4129 568 4186 Hono.
588 4131 702 4201 aliquod
718 4131 837 4203 (aliquot
853 4129 947 4198 Goth.)
965 4131 1058 4184 lumen
1074 4131 1188 4184 iubarnc
1268 4117 1273 4135 ’

82 4210 144 4267 libri
158 4210 270 4272 Vilio.
289 4216 382 4269 lumen
397 4214 512 4270 iubernc
527 4215 591 4269 libri
609 4213 653 4270 VI
659 4219 693 4274 81
710 4214 750 4287 ⁰s·
761 4229 850 4288 supro
934 4217 969 4273 38
983 4213 1068 4289 hocin
1081 4213 1189 4270 0.]111-

83 4293 306 4368 occideretis.
321 4295 375 4354 hac
391 4314 436 4354 me
452 4297 515 4355 libri
