<?xml version="1.0" encoding="UTF-8"?>
<!DOCTYPE html PUBLIC "-//W3C//DTD XHTML 1.0 Transitional//EN"
    "http://www.w3.org/TR/xhtml1/DTD/xhtml1-transitional.dtd">
<html xmlns="http://www.w3.org/1999/xhtml" xml:lang="en" lang="en">
 <head>
  <title>
</title>
<meta http-equiv="Content-Type" content="text/html;charset=utf-8" />
  <meta name='ocr-system' content='tesseract 3.04.00' />
  <meta name='ocr-capabilities' content='ocr_page ocr_carea ocr_par ocr_line ocrx_word'/>
</head>
<body>
  <div class='ocr_page' id='page_1' title='image "./ennianaepoesisr02ennigoog_0031.png"; bbox 0 0 2784 4940; ppageno 0'>
   <div class='ocr_carea' id='block_1_1' title="bbox 58 345 900 416">
    <p class='ocr_par' dir='ltr' id='par_1_1' title="bbox 58 345 900 416">
     <span class='ocr_line' id='line_1_1' title="bbox 58 345 900 416; baseline -0.001 -8"><span class='ocrx_word' id='word_1_1' title='bbox 58 379 62 388; x_wconf 91' lang='lat'><em>·</em></span> <span class='ocrx_word' id='word_1_2' title='bbox 196 360 282 408; x_wconf 77' lang='lat' dir='ltr'><strong>mv</strong></span> <span class='ocrx_word' id='word_1_3' title='bbox 592 345 900 416; x_wconf 79' lang='lat' dir='ltr'><strong>ovnnsulonns</strong></span> 
     </span>
    </p>
   </div>
   <div class='ocr_carea' id='block_1_2' title="bbox 129 513 1311 3592">
    <p class='ocr_par' dir='ltr' id='par_1_2' title="bbox 129 513 1308 2413">
     <span class='ocr_line' id='line_1_2' title="bbox 196 513 1303 596; baseline 0 -18"><span class='ocrx_word' id='word_1_4' title='bbox 196 517 269 578; x_wconf 87' lang='lat' dir='ltr'><strong>sede</strong></span> <span class='ocrx_word' id='word_1_5' title='bbox 293 514 437 590; x_wconf 83' lang='lat' dir='ltr'><strong>admisso,</strong></span> <span class='ocrx_word' id='word_1_6' title='bbox 465 529 524 574; x_wconf 88' lang='lat' dir='ltr'><strong>uon</strong></span> <span class='ocrx_word' id='word_1_7' title='bbox 544 513 688 592; x_wconf 73' lang='lat' dir='ltr'><strong>aptiorem</strong></span> <span class='ocrx_word' id='word_1_8' title='bbox 710 513 914 592; x_wconf 73' lang='lat' dir='ltr'><strong>occasionem,</strong></span> <span class='ocrx_word' id='word_1_9' title='bbox 946 533 1032 596; x_wconf 85' lang='lat' dir='ltr'><strong>quarn</strong></span> <span class='ocrx_word' id='word_1_10' title='bbox 1062 526 1093 578; x_wconf 89' lang='lat' dir='ltr'><strong>nt</strong></span> <span class='ocrx_word' id='word_1_11' title='bbox 1116 519 1154 581; x_wconf 86' lang='lat' dir='ltr'><strong>ab</strong></span> <span class='ocrx_word' id='word_1_12' title='bbox 1183 519 1303 581; x_wconf 80' lang='lat' dir='ltr'><strong>Homeri</strong></span> 
     </span>
     <span class='ocr_line' id='line_1_3' title="bbox 196 617 1303 705; baseline 0 -19"><span class='ocrx_word' id='word_1_13' title='bbox 196 624 350 686; x_wconf 85' lang='lat' dir='ltr'><strong>simulacro</strong></span> <span class='ocrx_word' id='word_1_14' title='bbox 368 619 544 702; x_wconf 77' lang='lat' dir='ltr'><strong>proferatur,</strong></span> <span class='ocrx_word' id='word_1_15' title='bbox 564 619 698 698; x_wconf 77' lang='lat' dir='ltr'><strong>dispicio.</strong></span> <span class='ocrx_word' id='word_1_16' title='bbox 743 617 889 682; x_wconf 79' lang='lat' dir='ltr'><strong>Caeruleo</strong></span> <span class='ocrx_word' id='word_1_17' title='bbox 911 624 986 684; x_wconf 90' lang='lat' dir='ltr'><strong>enirn</strong></span> <span class='ocrx_word' id='word_1_18' title='bbox 1012 643 1139 705; x_wconf 89' lang='lat' dir='ltr'><strong>corpore</strong></span> <span class='ocrx_word' id='word_1_19' title='bbox 1162 628 1303 688; x_wconf 84' lang='lat' dir='ltr'><strong>cortinam</strong></span> 
     </span>
     <span class='ocr_line' id='line_1_4' title="bbox 196 725 1304 812; baseline 0.001 -21"><span class='ocrx_word' id='word_1_20' title='bbox 196 730 276 806; x_wconf 92' lang='lat' dir='ltr'><strong>dicit,</strong></span> <span class='ocrx_word' id='word_1_21' title='bbox 293 729 322 788; x_wconf 93' lang='lat' dir='ltr'><strong>ui</strong></span> <span class='ocrx_word' id='word_1_22' title='bbox 335 727 433 804; x_wconf 81' lang='lat' dir='ltr'><strong>lallor,</strong></span> <span class='ocrx_word' id='word_1_23' title='bbox 453 725 576 803; x_wconf 87' lang='lat' dir='ltr'><strong>caelum,</strong></span> <span class='ocrx_word' id='word_1_24' title='bbox 598 726 727 786; x_wconf 74' lang='lat' dir='ltr'><strong>‘circum</strong></span> <span class='ocrx_word' id='word_1_25' title='bbox 743 743 890 806; x_wconf 76' lang='lat' dir='ltr'>supraque</span> <span class='ocrx_word' id='word_1_26' title='bbox 902 730 981 808; x_wconf 84' lang='lat' dir='ltr'><strong>qnod</strong></span> <span class='ocrx_word' id='word_1_27' title='bbox 998 732 1155 812; x_wconf 88' lang='lat' dir='ltr'><strong>complexu</strong></span> <span class='ocrx_word' id='word_1_28' title='bbox 1172 735 1304 794; x_wconf 89' lang='lat' dir='ltr'><strong>eontinet</strong></span> 
     </span>
     <span class='ocr_line' id='line_1_5' title="bbox 196 829 1303 915; baseline 0.002 -17"><span class='ocrx_word' id='word_1_29' title='bbox 196 836 324 913; x_wconf 85' lang='lat' dir='ltr'><strong>terram’,</strong></span> <span class='ocrx_word' id='word_1_30' title='bbox 346 845 377 896; x_wconf 91' lang='lat' dir='ltr'><strong>nt</strong></span> <span class='ocrx_word' id='word_1_31' title='bbox 398 853 416 894; x_wconf 93' lang='lat' dir='ltr'><strong>e</strong></span> <span class='ocrx_word' id='word_1_32' title='bbox 434 833 560 896; x_wconf 84' lang='lat' dir='ltr'><strong>Pacuuio</strong></span> <span class='ocrx_word' id='word_1_33' title='bbox 580 829 676 893; x_wconf 86' lang='lat' dir='ltr'><strong>Varro</strong></span> <span class='ocrx_word' id='word_1_34' title='bbox 698 832 794 894; x_wconf 88' lang='lat' dir='ltr'><strong>adlert</strong></span> <span class='ocrx_word' id='word_1_35' title='bbox 814 832 852 893; x_wconf 93' lang='lat' dir='ltr'><strong>de</strong></span> <span class='ocrx_word' id='word_1_36' title='bbox 873 833 904 897; x_wconf 81' lang='lat' dir='ltr'><strong>L.</strong></span> <span class='ocrx_word' id='word_1_37' title='bbox 927 834 958 896; x_wconf 83' lang='lat' dir='ltr'><strong>L.</strong></span> <span class='ocrx_word' id='word_1_38' title='bbox 981 832 1008 895; x_wconf 89' lang='lat' dir='ltr'>V</span> <span class='ocrx_word' id='word_1_39' title='bbox 1032 838 1070 900; x_wconf 88' lang='lat'><strong>17</strong></span> <span class='ocrx_word' id='word_1_40' title='bbox 1091 837 1129 900; x_wconf 86' lang='lat' dir='ltr'><strong>ll.</strong></span> <span class='ocrx_word' id='word_1_41' title='bbox 1159 856 1196 900; x_wconf 93' lang='lat' dir='ltr'><strong>eo</strong></span> <span class='ocrx_word' id='word_1_42' title='bbox 1222 840 1303 915; x_wconf 91' lang='lat' dir='ltr'><strong>loeo,</strong></span> 
     </span>
     <span class='ocr_line' id='line_1_6' title="bbox 196 937 1303 1024; baseline 0.003 -19"><span class='ocrx_word' id='word_1_43' title='bbox 196 945 247 1023; x_wconf 80' lang='lat' dir='ltr'><strong>gui</strong></span> <span class='ocrx_word' id='word_1_44' title='bbox 269 942 353 1024; x_wconf 88' lang='lat' dir='ltr'><strong>plura</strong></span> <span class='ocrx_word' id='word_1_45' title='bbox 374 940 463 1002; x_wconf 85' lang='lat' dir='ltr'><strong>habet</strong></span> <span class='ocrx_word' id='word_1_46' title='bbox 484 958 560 1020; x_wconf 84' lang='lat' dir='ltr'><strong>qnae</strong></span> <span class='ocrx_word' id='word_1_47' title='bbox 582 956 647 1000; x_wconf 95' lang='lat' dir='ltr'><strong>cum</strong></span> <span class='ocrx_word' id='word_1_48' title='bbox 669 937 806 1000; x_wconf 78' lang='lat' dir='ltr'><strong>Ennianis</strong></span> <span class='ocrx_word' id='word_1_49' title='bbox 828 952 989 1020; x_wconf 89' lang='lat' dir='ltr'><strong>congruant</strong></span> <span class='ocrx_word' id='word_1_50' title='bbox 1012 945 1175 1006; x_wconf 84' lang='lat' dir='ltr'><strong>sententiis.</strong></span> <span class='ocrx_word' id='word_1_51' title='bbox 1214 943 1303 1008; x_wconf 85' lang='lat' dir='ltr'><strong>Gete-</strong></span> 
     </span>
     <span class='ocr_line' id='line_1_7' title="bbox 197 1046 1304 1132; baseline 0 -20"><span class='ocrx_word' id='word_1_52' title='bbox 197 1070 277 1128; x_wconf 86' lang='lat' dir='ltr'><strong>rum,</strong></span> <span class='ocrx_word' id='word_1_53' title='bbox 295 1058 328 1110; x_wconf 89' lang='lat' dir='ltr'><strong>nt</strong></span> <span class='ocrx_word' id='word_1_54' title='bbox 347 1048 406 1110; x_wconf 87' lang='lat' dir='ltr'><strong>lroc</strong></span> <span class='ocrx_word' id='word_1_55' title='bbox 425 1065 500 1108; x_wconf 91' lang='lat' dir='ltr'><strong>nuuc</strong></span> <span class='ocrx_word' id='word_1_56' title='bbox 526 1047 620 1109; x_wconf 90' lang='lat' dir='ltr'><strong>dicam</strong></span> <span class='ocrx_word' id='word_1_57' title='bbox 648 1047 794 1126; x_wconf 76' lang='lat' dir='ltr'><strong>apertius,</strong></span> <span class='ocrx_word' id='word_1_58' title='bbox 824 1046 902 1126; x_wconf 81' lang='lat' dir='ltr'><strong>quod</strong></span> <span class='ocrx_word' id='word_1_59' title='bbox 930 1048 967 1110; x_wconf 86' lang='lat' dir='ltr'><strong>alt</strong></span> <span class='ocrx_word' id='word_1_60' title='bbox 998 1048 1033 1108; x_wconf 92' lang='lat'><strong>0.</strong></span> <span class='ocrx_word' id='word_1_61' title='bbox 1063 1050 1226 1130; x_wconf 87' lang='lat' dir='ltr'><strong>lluellero,</strong></span> <span class='ocrx_word' id='word_1_62' title='bbox 1257 1055 1304 1132; x_wconf 82' lang='lat' dir='ltr'><strong>qui</strong></span> 
     </span>
     <span class='ocr_line' id='line_1_8' title="bbox 198 1152 1305 1239; baseline 0.003 -21"><span class='ocrx_word' id='word_1_63' title='bbox 198 1158 320 1238; x_wconf 84' lang='lat' dir='ltr'><strong>egregie</strong></span> <span class='ocrx_word' id='word_1_64' title='bbox 340 1172 456 1218; x_wconf 90' lang='lat' dir='ltr'><strong>uersum</strong></span> <span class='ocrx_word' id='word_1_65' title='bbox 477 1152 556 1214; x_wconf 86' lang='lat' dir='ltr'><strong>illum</strong></span> <span class='ocrx_word' id='word_1_66' title='bbox 574 1153 723 1230; x_wconf 86' lang='lat' dir='ltr'><strong>emendat,</strong></span> <span class='ocrx_word' id='word_1_67' title='bbox 747 1153 808 1215; x_wconf 91' lang='lat' dir='ltr'><strong>uitii</strong></span> <span class='ocrx_word' id='word_1_68' title='bbox 830 1152 972 1232; x_wconf 78' lang='lat' dir='ltr'><strong>originem</strong></span> <span class='ocrx_word' id='word_1_69' title='bbox 993 1174 1094 1235; x_wconf 85' lang='lat' dir='ltr'><strong>parurn</strong></span> <span class='ocrx_word' id='word_1_70' title='bbox 1116 1169 1305 1239; x_wconf 75' lang='lat' dir='ltr'><strong>perspectam</strong></span> 
     </span>
     <span class='ocr_line' id='line_1_9' title="bbox 198 1256 1305 1345; baseline -0.001 -18"><span class='ocrx_word' id='word_1_71' title='bbox 198 1285 267 1328; x_wconf 85' lang='lat' dir='ltr'><strong>esse</strong></span> <span class='ocrx_word' id='word_1_72' title='bbox 286 1262 459 1343; x_wconf 81' lang='lat' dir='ltr'><strong>significaui:</strong></span> <span class='ocrx_word' id='word_1_73' title='bbox 479 1277 537 1320; x_wconf 92' lang='lat' dir='ltr'><strong>nou</strong></span> <span class='ocrx_word' id='word_1_74' title='bbox 551 1256 694 1320; x_wconf 82' lang='lat' dir='ltr'><strong>credibile</strong></span> <span class='ocrx_word' id='word_1_75' title='bbox 709 1268 765 1335; x_wconf 88' lang='lat' dir='ltr'><strong>est,</strong></span> <span class='ocrx_word' id='word_1_76' title='bbox 785 1261 852 1322; x_wconf 88' lang='lat' dir='ltr'><strong>milri</strong></span> <span class='ocrx_word' id='word_1_77' title='bbox 869 1262 996 1340; x_wconf 86' lang='lat' dir='ltr'><strong>quidem,</strong></span> <span class='ocrx_word' id='word_1_78' title='bbox 1019 1264 1048 1324; x_wconf 91' lang='lat' dir='ltr'><strong>iu</strong></span> <span class='ocrx_word' id='word_1_79' title='bbox 1062 1263 1107 1324; x_wconf 87' lang='lat' dir='ltr'><strong>luis</strong></span> <span class='ocrx_word' id='word_1_80' title='bbox 1126 1266 1305 1345; x_wconf 69' lang='lat' dir='ltr'><strong>corruptelis</strong></span> 
     </span>
     <span class='ocr_line' id='line_1_10' title="bbox 197 1369 1305 1451; baseline 0.001 -20"><span class='ocrx_word' id='word_1_81' title='bbox 197 1391 321 1451; x_wconf 75' lang='lat' dir='ltr'><strong>quaeqae</strong></span> <span class='ocrx_word' id='word_1_82' title='bbox 341 1378 370 1432; x_wconf 83' lang='lat' dir='ltr'><strong>in</strong></span> <span class='ocrx_word' id='word_1_83' title='bbox 395 1369 488 1430; x_wconf 84' lang='lat' dir='ltr'><strong>latere</strong></span> <span class='ocrx_word' id='word_1_84' title='bbox 513 1385 585 1446; x_wconf 82' lang='lat' dir='ltr'><strong>quoe</strong></span> <span class='ocrx_word' id='word_1_85' title='bbox 604 1387 697 1428; x_wconf 75' lang='lat' dir='ltr'><strong>mon:</strong></span> <span class='ocrx_word' id='word_1_86' title='bbox 725 1375 827 1428; x_wconf 90' lang='lat' dir='ltr'><strong>eontra</strong></span> <span class='ocrx_word' id='word_1_87' title='bbox 848 1387 921 1430; x_wconf 82' lang='lat' dir='ltr'><strong>cauo</strong></span> <span class='ocrx_word' id='word_1_88' title='bbox 943 1370 1136 1448; x_wconf 86' lang='lat' dir='ltr'><strong>uocabulum,</strong></span> <span class='ocrx_word' id='word_1_89' title='bbox 1166 1388 1226 1450; x_wconf 82' lang='lat' dir='ltr'><strong>quo</strong></span> <span class='ocrx_word' id='word_1_90' title='bbox 1245 1388 1305 1432; x_wconf 88' lang='lat' dir='ltr'><strong>om-</strong></span> 
     </span>
     <span class='ocr_line' id='line_1_11' title="bbox 198 1472 1303 1558; baseline -0.002 -18"><span class='ocrx_word' id='word_1_91' title='bbox 198 1481 266 1540; x_wconf 88' lang='lat' dir='ltr'><strong>uino</strong></span> <span class='ocrx_word' id='word_1_92' title='bbox 288 1477 382 1558; x_wconf 82' lang='lat' dir='ltr'><strong>careri</strong></span> <span class='ocrx_word' id='word_1_93' title='bbox 403 1493 461 1536; x_wconf 92' lang='lat' dir='ltr'><strong>nou</strong></span> <span class='ocrx_word' id='word_1_94' title='bbox 478 1491 568 1554; x_wconf 88' lang='lat' dir='ltr'><strong>posse</strong></span> <span class='ocrx_word' id='word_1_95' title='bbox 588 1472 682 1536; x_wconf 87' lang='lat' dir='ltr'><strong>Varro</strong></span> <span class='ocrx_word' id='word_1_96' title='bbox 707 1472 852 1551; x_wconf 81' lang='lat' dir='ltr'><strong>ostendit,</strong></span> <span class='ocrx_word' id='word_1_97' title='bbox 880 1493 898 1536; x_wconf 88' lang='lat' dir='ltr'><strong>e</strong></span> <span class='ocrx_word' id='word_1_98' title='bbox 920 1495 1009 1538; x_wconf 81' lang='lat' dir='ltr'><strong>cauco</strong></span> <span class='ocrx_word' id='word_1_99' title='bbox 1038 1493 1115 1540; x_wconf 89' lang='lat' dir='ltr'><strong>uoce</strong></span> <span class='ocrx_word' id='word_1_100' title='bbox 1137 1477 1225 1540; x_wconf 90' lang='lat' dir='ltr'><strong>elicio</strong></span> <span class='ocrx_word' id='word_1_101' title='bbox 1249 1479 1303 1558; x_wconf 90' lang='lat' dir='ltr'><strong>(ci.</strong></span> 
     </span>
     <span class='ocr_line' id='line_1_12' title="bbox 198 1578 1305 1664; baseline 0 -16"><span class='ocrx_word' id='word_1_102' title='bbox 198 1586 273 1648; x_wconf 79' lang='lat' dir='ltr'><strong>suu</strong></span> <span class='ocrx_word' id='word_1_103' title='bbox 301 1583 386 1664; x_wconf 82' lang='lat'>420)</span> <span class='ocrx_word' id='word_1_104' title='bbox 425 1601 460 1644; x_wconf 90' lang='lat' dir='ltr'><strong>ac</strong></span> <span class='ocrx_word' id='word_1_105' title='bbox 492 1599 544 1642; x_wconf 87' lang='lat' dir='ltr'><strong>sua</strong></span> <span class='ocrx_word' id='word_1_106' title='bbox 576 1578 648 1640; x_wconf 89' lang='lat' dir='ltr'><strong>sede</strong></span> <span class='ocrx_word' id='word_1_107' title='bbox 683 1580 758 1644; x_wconf 89' lang='lat' dir='ltr'><strong>unde</strong></span> <span class='ocrx_word' id='word_1_108' title='bbox 785 1590 918 1643; x_wconf 86' lang='lat' dir='ltr'><strong>cesserat</strong></span> <span class='ocrx_word' id='word_1_109' title='bbox 951 1599 1083 1663; x_wconf 89' lang='lat' dir='ltr'><strong>repono:</strong></span> <span class='ocrx_word' id='word_1_110' title='bbox 1120 1605 1249 1664; x_wconf 80' lang='lat' dir='ltr'><strong>quaeque</strong></span> <span class='ocrx_word' id='word_1_111' title='bbox 1278 1595 1305 1648; x_wconf 82' lang='lat' dir='ltr'><strong>in</strong></span> 
     </span>
     <span class='ocr_line' id='line_1_13' title="bbox 129 1673 1305 1772; baseline -0.006 -17"><span class='ocrx_word' id='word_1_112' title='bbox 129 1673 135 1682; x_wconf 45' lang='lat'><em>⁹</em></span> <span class='ocrx_word' id='word_1_113' title='bbox 199 1702 295 1756; x_wconf 86' lang='lat' dir='ltr'><strong>autern</strong></span> <span class='ocrx_word' id='word_1_114' title='bbox 321 1709 379 1752; x_wconf 88' lang='lat' dir='ltr'><strong>nou</strong></span> <span class='ocrx_word' id='word_1_115' title='bbox 400 1690 506 1751; x_wconf 91' lang='lat' dir='ltr'><strong>distant</strong></span> <span class='ocrx_word' id='word_1_116' title='bbox 532 1687 595 1748; x_wconf 89' lang='lat' dir='ltr'><strong>lere</strong></span> <span class='ocrx_word' id='word_1_117' title='bbox 624 1685 660 1748; x_wconf 89' lang='lat' dir='ltr'><strong>ab</strong></span> <span class='ocrx_word' id='word_1_118' title='bbox 688 1687 733 1748; x_wconf 88' lang='lat' dir='ltr'><strong>luis</strong></span> <span class='ocrx_word' id='word_1_119' title='bbox 765 1705 840 1768; x_wconf 84' lang='lat' dir='ltr'><strong>quae</strong></span> <span class='ocrx_word' id='word_1_120' title='bbox 862 1697 927 1750; x_wconf 88' lang='lat' dir='ltr'><strong>snut</strong></span> <span class='ocrx_word' id='word_1_121' title='bbox 944 1709 1015 1766; x_wconf 79' lang='lat' dir='ltr'><strong>qnos</strong></span> <span class='ocrx_word' id='word_1_122' title='bbox 1035 1710 1132 1771; x_wconf 78' lang='lat' dir='ltr'><strong>qoem,</strong></span> <span class='ocrx_word' id='word_1_123' title='bbox 1158 1711 1236 1772; x_wconf 74' lang='lat' dir='ltr'><strong>quae</strong></span> <span class='ocrx_word' id='word_1_124' title='bbox 1262 1705 1305 1755; x_wconf 74' lang='lat' dir='ltr'><strong>ese</strong></span> 
     </span>
     <span class='ocr_line' id='line_1_14' title="bbox 198 1793 1304 1878; baseline 0.001 -19"><span class='ocrx_word' id='word_1_125' title='bbox 198 1819 251 1878; x_wconf 76' lang='lat' dir='ltr'><strong>qne</strong></span> <span class='ocrx_word' id='word_1_126' title='bbox 275 1798 400 1860; x_wconf 89' lang='lat' dir='ltr'><strong>uoculae</strong></span> <span class='ocrx_word' id='word_1_127' title='bbox 433 1794 638 1875; x_wconf 87' lang='lat' dir='ltr'><strong>dittographia.</strong></span> <span class='ocrx_word' id='word_1_128' title='bbox 688 1793 721 1855; x_wconf 95' lang='lat' dir='ltr'><strong>ln</strong></span> <span class='ocrx_word' id='word_1_129' title='bbox 758 1804 890 1856; x_wconf 85' lang='lat' dir='ltr'><strong>extremo</strong></span> <span class='ocrx_word' id='word_1_130' title='bbox 919 1795 1092 1876; x_wconf 87' lang='lat' dir='ltr'><strong>prohoemio</strong></span> <span class='ocrx_word' id='word_1_131' title='bbox 1129 1799 1304 1862; x_wconf 87' lang='lat' dir='ltr'><strong>conlocatus</strong></span> 
     </span>
     <span class='ocr_line' id='line_1_15' title="bbox 197 1903 1305 1986; baseline 0.002 -19"><span class='ocrx_word' id='word_1_132' title='bbox 197 1905 252 1967; x_wconf 90' lang='lat' dir='ltr'><strong>luit</strong></span> <span class='ocrx_word' id='word_1_133' title='bbox 277 1921 398 1981; x_wconf 87' lang='lat' dir='ltr'><strong>nereus,</strong></span> <span class='ocrx_word' id='word_1_134' title='bbox 437 1920 494 1983; x_wconf 83' lang='lat' dir='ltr'><strong>quo</strong></span> <span class='ocrx_word' id='word_1_135' title='bbox 517 1903 635 1964; x_wconf 87' lang='lat' dir='ltr'><strong>Persius</strong></span> <span class='ocrx_word' id='word_1_136' title='bbox 662 1903 749 1963; x_wconf 89' lang='lat' dir='ltr'><strong>utitur</strong></span> <span class='ocrx_word' id='word_1_137' title='bbox 774 1903 835 1965; x_wconf 87' lang='lat' dir='ltr'><strong>Sat.</strong></span> <span class='ocrx_word' id='word_1_138' title='bbox 858 1904 895 1981; x_wconf 91' lang='lat'><strong>6,</strong></span> <span class='ocrx_word' id='word_1_139' title='bbox 924 1903 1073 1985; x_wconf 86' lang='lat' dir='ltr'>9(xv)‚</span> <span class='ocrx_word' id='word_1_140' title='bbox 1108 1923 1193 1986; x_wconf 86' lang='lat' dir='ltr'><strong>quern</strong></span> <span class='ocrx_word' id='word_1_141' title='bbox 1225 1910 1305 1986; x_wconf 89' lang='lat' dir='ltr'><strong>quod</strong></span> 
     </span>
     <span class='ocr_line' id='line_1_16' title="bbox 199 2007 1306 2093; baseline 0.005 -21"><span class='ocrx_word' id='word_1_142' title='bbox 199 2012 327 2072; x_wconf 88' lang='lat' dir='ltr'><strong>editores</strong></span> <span class='ocrx_word' id='word_1_143' title='bbox 343 2011 454 2074; x_wconf 84' lang='lat' dir='ltr'><strong>somnio</strong></span> <span class='ocrx_word' id='word_1_144' title='bbox 471 2017 669 2090; x_wconf 90' lang='lat' dir='ltr'><strong>praeponunt,</strong></span> <span class='ocrx_word' id='word_1_145' title='bbox 689 2008 848 2069; x_wconf 88' lang='lat' dir='ltr'><strong>oscitanter</strong></span> <span class='ocrx_word' id='word_1_146' title='bbox 862 2007 992 2072; x_wconf 87' lang='lat' dir='ltr'><strong>Persium</strong></span> <span class='ocrx_word' id='word_1_147' title='bbox 1006 2011 1183 2092; x_wconf 84' lang='lat' dir='ltr'><strong>inspexere,</strong></span> <span class='ocrx_word' id='word_1_148' title='bbox 1203 2016 1257 2093; x_wconf 83' lang='lat' dir='ltr'><strong>qui</strong></span> <span class='ocrx_word' id='word_1_149' title='bbox 1272 2014 1306 2077; x_wconf 86' lang='lat' dir='ltr'><strong>ab</strong></span> 
     </span>
     <span class='ocr_line' id='line_1_17' title="bbox 200 2107 1307 2200; baseline 0.002 -22"><span class='ocrx_word' id='word_1_150' title='bbox 200 2128 376 2198; x_wconf 83' lang='lat' dir='ltr'><strong>experrecto</strong></span> <span class='ocrx_word' id='word_1_151' title='bbox 400 2125 487 2197; x_wconf 77' lang='lat' dir='ltr'><strong>poeta</strong></span> <span class='ocrx_word' id='word_1_152' title='bbox 502 2107 629 2196; x_wconf 88' lang='lat' dir='ltr'><strong>‘portum</strong></span> <span class='ocrx_word' id='word_1_153' title='bbox 643 2114 748 2176; x_wconf 86' lang='lat' dir='ltr'><strong>Lunae&#39;</strong></span> <span class='ocrx_word' id='word_1_154' title='bbox 773 2116 884 2178; x_wconf 88' lang='lat' dir='ltr'><strong>laudari</strong></span> <span class='ocrx_word' id='word_1_155' title='bbox 904 2117 1043 2180; x_wconf 87' lang='lat' dir='ltr'><strong>indicauit</strong></span> <span class='ocrx_word' id='word_1_156' title='bbox 1056 2130 1177 2200; x_wconf 89' lang='lat' dir='ltr'><strong>aperte:</strong></span> <span class='ocrx_word' id='word_1_157' title='bbox 1201 2121 1307 2200; x_wconf 82' lang='lat' dir='ltr'><strong>inquo</strong></span> 
     </span>
     <span class='ocr_line' id='line_1_18' title="bbox 199 2218 1308 2306; baseline 0.002 -20"><span class='ocrx_word' id='word_1_158' title='bbox 199 2234 285 2306; x_wconf 91' lang='lat' dir='ltr'><strong>portu</strong></span> <span class='ocrx_word' id='word_1_159' title='bbox 303 2222 425 2284; x_wconf 81' lang='lat' dir='ltr'><strong>Ennium</strong></span> <span class='ocrx_word' id='word_1_160' title='bbox 445 2220 516 2281; x_wconf 94' lang='lat' dir='ltr'><strong>illud</strong></span> <span class='ocrx_word' id='word_1_161' title='bbox 534 2218 666 2282; x_wconf 89' lang='lat' dir='ltr'><strong>mirabile</strong></span> <span class='ocrx_word' id='word_1_162' title='bbox 687 2222 827 2283; x_wconf 88' lang='lat' dir='ltr'><strong>somnium</strong></span> <span class='ocrx_word' id='word_1_163' title='bbox 848 2225 957 2297; x_wconf 81' lang='lat' dir='ltr'><strong>uidisse</strong></span> <span class='ocrx_word' id='word_1_164' title='bbox 980 2228 1119 2290; x_wconf 86' lang='lat' dir='ltr'><strong>conicias.</strong></span> <span class='ocrx_word' id='word_1_165' title='bbox 1157 2226 1204 2288; x_wconf 88' lang='lat' dir='ltr'><strong>lle</strong></span> <span class='ocrx_word' id='word_1_166' title='bbox 1227 2226 1308 2289; x_wconf 82' lang='lat' dir='ltr'><strong>Luna</strong></span> 
     </span>
     <span class='ocr_line' id='line_1_19' title="bbox 200 2325 1307 2413; baseline -0.003 -18"><span class='ocrx_word' id='word_1_167' title='bbox 200 2333 268 2413; x_wconf 84' lang='lat' dir='ltr'><strong>quid</strong></span> <span class='ocrx_word' id='word_1_168' title='bbox 288 2340 406 2394; x_wconf 89' lang='lat' dir='ltr'><strong>ueteres</strong></span> <span class='ocrx_word' id='word_1_169' title='bbox 420 2327 598 2404; x_wconf 87' lang='lat' dir='ltr'><strong>tradiderint,</strong></span> <span class='ocrx_word' id='word_1_170' title='bbox 616 2326 683 2388; x_wconf 89' lang='lat' dir='ltr'><strong>uide</strong></span> <span class='ocrx_word' id='word_1_171' title='bbox 698 2327 726 2386; x_wconf 92' lang='lat' dir='ltr'><strong>in</strong></span> <span class='ocrx_word' id='word_1_172' title='bbox 738 2325 772 2386; x_wconf 93' lang='grc' dir='ltr'><strong>Ο.</strong></span> <span class='ocrx_word' id='word_1_173' title='bbox 784 2326 879 2392; x_wconf 86' lang='lat' dir='ltr'><strong>Jahnii</strong></span> <span class='ocrx_word' id='word_1_174' title='bbox 895 2333 930 2394; x_wconf 92' lang='lat' dir='ltr'><strong>ad</strong></span> <span class='ocrx_word' id='word_1_175' title='bbox 942 2332 1072 2395; x_wconf 87' lang='lat' dir='ltr'><strong>Persium</strong></span> <span class='ocrx_word' id='word_1_176' title='bbox 1086 2336 1307 2396; x_wconf 89' lang='lat' dir='ltr'><strong>commentario.</strong></span> 
     </span>
    </p>

    <p class='ocr_par' dir='ltr' id='par_1_3' title="bbox 199 2433 1311 3592">
     <span class='ocr_line' id='line_1_20' title="bbox 284 2433 1308 2520; baseline -0.002 -18"><span class='ocrx_word' id='word_1_177' title='bbox 284 2439 352 2519; x_wconf 88' lang='lat' dir='ltr'><strong>lpsa</strong></span> <span class='ocrx_word' id='word_1_178' title='bbox 373 2436 498 2498; x_wconf 90' lang='lat' dir='ltr'><strong>narratio</strong></span> <span class='ocrx_word' id='word_1_179' title='bbox 522 2434 671 2496; x_wconf 85' lang='lat' dir='ltr'><strong>exorditur</strong></span> <span class='ocrx_word' id='word_1_180' title='bbox 690 2439 707 2494; x_wconf 80' lang='lat' dir='ltr'><strong>a&#39;</strong></span> <span class='ocrx_word' id='word_1_181' title='bbox 727 2433 816 2495; x_wconf 88' lang='lat' dir='ltr'><strong>rebus</strong></span> <span class='ocrx_word' id='word_1_182' title='bbox 828 2435 966 2500; x_wconf 79' lang='lat' dir='ltr'><strong>Aeneae:</strong></span> <span class='ocrx_word' id='word_1_183' title='bbox 990 2440 1026 2501; x_wconf 91' lang='lat' dir='ltr'><strong>ad</strong></span> <span class='ocrx_word' id='word_1_184' title='bbox 1049 2459 1136 2520; x_wconf 83' lang='lat' dir='ltr'><strong>quern</strong></span> <span class='ocrx_word' id='word_1_185' title='bbox 1151 2457 1228 2518; x_wconf 85' lang='lat' dir='ltr'><strong>quae</strong></span> <span class='ocrx_word' id='word_1_186' title='bbox 1240 2458 1308 2520; x_wconf 88' lang='lat' dir='ltr'><strong>per-</strong></span> 
     </span>
     <span class='ocr_line' id='line_1_21' title="bbox 200 2539 1309 2627; baseline -0.002 -18"><span class='ocrx_word' id='word_1_187' title='bbox 200 2549 291 2609; x_wconf 86' lang='lat' dir='ltr'><strong>tinent</strong></span> <span class='ocrx_word' id='word_1_188' title='bbox 312 2552 361 2606; x_wconf 87' lang='lat' dir='ltr'><strong>ant</strong></span> <span class='ocrx_word' id='word_1_189' title='bbox 383 2543 534 2604; x_wconf 88' lang='lat' dir='ltr'><strong>uideantur</strong></span> <span class='ocrx_word' id='word_1_190' title='bbox 545 2543 694 2622; x_wconf 85' lang='lat' dir='ltr'><strong>pertinere</strong></span> <span class='ocrx_word' id='word_1_191' title='bbox 711 2540 873 2620; x_wconf 73' lang='lat' dir='ltr'><strong>fragmenta</strong></span> <span class='ocrx_word' id='word_1_192' title='bbox 895 2539 983 2608; x_wconf 88' lang='lat' dir='ltr'><strong>hodie</strong></span> <span class='ocrx_word' id='word_1_193' title='bbox 1001 2547 1199 2625; x_wconf 88' lang='lat' dir='ltr'><strong>duodeuiginti</strong></span> <span class='ocrx_word' id='word_1_194' title='bbox 1216 2565 1309 2627; x_wconf 90' lang='lat' dir='ltr'><strong>super</strong></span> 
     </span>
     <span class='ocr_line' id='line_1_22' title="bbox 201 2645 1309 2734; baseline -0.002 -19"><span class='ocrx_word' id='word_1_195' title='bbox 201 2661 267 2715; x_wconf 91' lang='lat' dir='ltr'><strong>snut</strong></span> <span class='ocrx_word' id='word_1_196' title='bbox 288 2648 565 2731; x_wconf 62' lang='lat' dir='ltr'><strong>(xvi-xxxid).</strong></span> <span class='ocrx_word' id='word_1_197' title='bbox 603 2645 713 2709; x_wconf 85' lang='lat' dir='ltr'><strong>Eorum</strong></span> <span class='ocrx_word' id='word_1_198' title='bbox 735 2667 840 2728; x_wconf 87' lang='lat' dir='ltr'><strong>agmen</strong></span> <span class='ocrx_word' id='word_1_199' title='bbox 854 2650 934 2712; x_wconf 94' lang='lat' dir='ltr'><strong>ducit</strong></span> <span class='ocrx_word' id='word_1_200' title='bbox 947 2654 992 2731; x_wconf 90' lang='lat' dir='ltr'><strong>ia,</strong></span> <span class='ocrx_word' id='word_1_201' title='bbox 1015 2673 1102 2734; x_wconf 85' lang='lat' dir='ltr'><strong>quern</strong></span> <span class='ocrx_word' id='word_1_202' title='bbox 1118 2662 1148 2715; x_wconf 89' lang='lat' dir='ltr'><strong>et</strong></span> <span class='ocrx_word' id='word_1_203' title='bbox 1162 2653 1232 2714; x_wconf 88' lang='lat' dir='ltr'><strong>olim</strong></span> <span class='ocrx_word' id='word_1_204' title='bbox 1250 2656 1309 2734; x_wconf 90' lang='lat' dir='ltr'><strong>pri·</strong></span> 
     </span>
     <span class='ocr_line' id='line_1_23' title="bbox 200 2754 1307 2838; baseline -0.004 -15"><span class='ocrx_word' id='word_1_205' title='bbox 200 2779 277 2822; x_wconf 86' lang='lat' dir='ltr'><strong>uuum</strong></span> <span class='ocrx_word' id='word_1_206' title='bbox 297 2759 389 2819; x_wconf 85' lang='lat' dir='ltr'><strong>inisse</strong></span> <span class='ocrx_word' id='word_1_207' title='bbox 409 2754 582 2817; x_wconf 86' lang='lat' dir='ltr'><strong>narrationis</strong></span> <span class='ocrx_word' id='word_1_208' title='bbox 604 2756 720 2834; x_wconf 91' lang='lat' dir='ltr'><strong>opinor,</strong></span> <span class='ocrx_word' id='word_1_209' title='bbox 742 2774 846 2816; x_wconf 88' lang='lat' dir='ltr'><strong>uersus</strong></span> <span class='ocrx_word' id='word_1_210' title='bbox 867 2775 884 2818; x_wconf 92' lang='lat' dir='ltr'><strong>a</strong></span> <span class='ocrx_word' id='word_1_211' title='bbox 906 2757 1055 2822; x_wconf 86' lang='lat' dir='ltr'><strong>Prisciano</strong></span> <span class='ocrx_word' id='word_1_212' title='bbox 1080 2759 1120 2821; x_wconf 94' lang='lat' dir='ltr'><strong>lll</strong></span> <span class='ocrx_word' id='word_1_213' title='bbox 1145 2777 1175 2838; x_wconf 92' lang='lat' dir='ltr'><strong>p.</strong></span> <span class='ocrx_word' id='word_1_214' title='bbox 1196 2759 1261 2820; x_wconf 84' lang='lat'><strong>607</strong></span> <span class='ocrx_word' id='word_1_215' title='bbox 1276 2760 1307 2820; x_wconf 91' lang='grc' dir='ltr'><strong>Ρ.</strong></span> 
     </span>
     <span class='ocr_line' id='line_1_24' title="bbox 201 2860 1309 2943; baseline -0.004 -13"><span class='ocrx_word' id='word_1_216' title='bbox 201 2868 334 2930; x_wconf 89' lang='lat' dir='ltr'><strong>laudatus</strong></span> <span class='ocrx_word' id='word_1_217' title='bbox 357 2861 468 2942; x_wconf 82' lang='lat' dir='ltr'><strong>(xvi),</strong></span> <span class='ocrx_word' id='word_1_218' title='bbox 502 2860 584 2938; x_wconf 81' lang='lat' dir='ltr'><strong>cuins</strong></span> <span class='ocrx_word' id='word_1_219' title='bbox 604 2871 644 2940; x_wconf 68' lang='lat' dir='ltr'><strong>ut¹</strong></span> <span class='ocrx_word' id='word_1_220' title='bbox 657 2861 744 2942; x_wconf 87' lang='lat' dir='ltr'><strong>plana</strong></span> <span class='ocrx_word' id='word_1_221' title='bbox 766 2872 811 2924; x_wconf 89' lang='lat' dir='ltr'><strong>eet</strong></span> <span class='ocrx_word' id='word_1_222' title='bbox 833 2867 995 2943; x_wconf 90' lang='lat' dir='ltr'><strong>sententia,</strong></span> <span class='ocrx_word' id='word_1_223' title='bbox 1013 2869 1051 2928; x_wconf 90' lang='lat' dir='ltr'><strong>ita</strong></span> <span class='ocrx_word' id='word_1_224' title='bbox 1073 2884 1132 2927; x_wconf 92' lang='lat' dir='ltr'><strong>nou</strong></span> <span class='ocrx_word' id='word_1_225' title='bbox 1153 2865 1262 2927; x_wconf 88' lang='lat' dir='ltr'><strong>diutius</strong></span> <span class='ocrx_word' id='word_1_226' title='bbox 1282 2869 1309 2926; x_wconf 92' lang='lat' dir='ltr'><strong>iu</strong></span> 
     </span>
     <span class='ocr_line' id='line_1_25' title="bbox 201 2971 1309 3048; baseline 0.003 -16"><span class='ocrx_word' id='word_1_227' title='bbox 201 2971 308 3032; x_wconf 84' lang='lat' dir='ltr'><strong>Troiae</strong></span> <span class='ocrx_word' id='word_1_228' title='bbox 327 2971 408 3030; x_wconf 92' lang='lat' dir='ltr'><strong>ruina</strong></span> <span class='ocrx_word' id='word_1_229' title='bbox 430 2976 636 3030; x_wconf 89' lang='lat' dir='ltr'><strong>commoratum</strong></span> <span class='ocrx_word' id='word_1_230' title='bbox 660 2976 777 3048; x_wconf 75' lang='lat' dir='ltr'><strong>politam</strong></span> <span class='ocrx_word' id='word_1_231' title='bbox 792 2971 929 3032; x_wconf 87' lang='lat' dir='ltr'><strong>ostendit.</strong></span> <span class='ocrx_word' id='word_1_232' title='bbox 992 2971 1139 3033; x_wconf 79' lang='lat' dir='ltr'><strong>Anchises</strong></span> <span class='ocrx_word' id='word_1_233' title='bbox 1156 2972 1309 3035; x_wconf 86' lang='lat' dir='ltr'><strong>aVeuere</strong></span> 
     </span>
     <span class='ocr_line' id='line_1_26' title="bbox 201 3073 1309 3160; baseline 0 -20"><span class='ocrx_word' id='word_1_234' title='bbox 201 3079 323 3140; x_wconf 90' lang='lat' dir='ltr'><strong>edoctus</strong></span> <span class='ocrx_word' id='word_1_235' title='bbox 347 3077 468 3157; x_wconf 89' lang='lat' dir='ltr'><strong>patriam</strong></span> <span class='ocrx_word' id='word_1_236' title='bbox 485 3073 565 3136; x_wconf 85' lang='lat' dir='ltr'><strong>iubet</strong></span> <span class='ocrx_word' id='word_1_237' title='bbox 584 3075 709 3156; x_wconf 88' lang='lat' dir='ltr'><strong>relinqui</strong></span> <span class='ocrx_word' id='word_1_238' title='bbox 732 3077 861 3158; x_wconf 85' lang='lat' dir='ltr'><strong>(xvtt):</strong></span> <span class='ocrx_word' id='word_1_239' title='bbox 884 3079 923 3138; x_wconf 89' lang='lat' dir='ltr'><strong>ita</strong></span> <span class='ocrx_word' id='word_1_240' title='bbox 946 3096 1048 3138; x_wconf 86' lang='lat' dir='ltr'><strong>uersus</strong></span> <span class='ocrx_word' id='word_1_241' title='bbox 1070 3082 1202 3160; x_wconf 90' lang='lat' dir='ltr'><strong>accipio,</strong></span> <span class='ocrx_word' id='word_1_242' title='bbox 1232 3098 1309 3160; x_wconf 85' lang='lat' dir='ltr'><strong>quos</strong></span> 
     </span>
     <span class='ocr_line' id='line_1_27' title="bbox 200 3181 1309 3267; baseline 0.001 -20"><span class='ocrx_word' id='word_1_243' title='bbox 200 3188 270 3249; x_wconf 90' lang='lat' dir='ltr'><strong>olim</strong></span> <span class='ocrx_word' id='word_1_244' title='bbox 287 3202 441 3266; x_wconf 88' lang='lat' dir='ltr'><strong>perperam</strong></span> <span class='ocrx_word' id='word_1_245' title='bbox 462 3181 682 3261; x_wconf 75' lang='lat' dir='ltr'><strong>intellegebant,</strong></span> <span class='ocrx_word' id='word_1_246' title='bbox 706 3202 741 3246; x_wconf 92' lang='lat' dir='ltr'><strong>ao</strong></span> <span class='ocrx_word' id='word_1_247' title='bbox 761 3184 842 3246; x_wconf 87' lang='lat' dir='ltr'><strong>lauet</strong></span> <span class='ocrx_word' id='word_1_248' title='bbox 860 3187 1035 3262; x_wconf 91' lang='lat' dir='ltr'><strong>sententiae,</strong></span> <span class='ocrx_word' id='word_1_249' title='bbox 1054 3187 1133 3267; x_wconf 88' lang='lat' dir='ltr'><strong>quod</strong></span> <span class='ocrx_word' id='word_1_250' title='bbox 1148 3187 1309 3263; x_wconf 75' lang='lat' dir='ltr'><strong>Dionysius</strong></span> 
     </span>
     <span class='ocr_line' id='line_1_28' title="bbox 199 3289 1309 3374; baseline 0.002 -20"><span class='ocrx_word' id='word_1_251' title='bbox 199 3290 464 3354; x_wconf 85' lang='lat' dir='ltr'><strong>llalieamassensis</strong></span> <span class='ocrx_word' id='word_1_252' title='bbox 484 3289 583 3368; x_wconf 83' lang='lat' dir='ltr'><strong>Autiq.</strong></span> <span class='ocrx_word' id='word_1_253' title='bbox 610 3289 693 3350; x_wconf 81' lang='lat' dir='ltr'><strong>llour.</strong></span> <span class='ocrx_word' id='word_1_254' title='bbox 716 3290 792 3352; x_wconf 81' lang='lat'><strong>148</strong></span> <span class='ocrx_word' id='word_1_255' title='bbox 823 3310 852 3371; x_wconf 88' lang='lat' dir='ltr'><strong>p.</strong></span> <span class='ocrx_word' id='word_1_256' title='bbox 879 3290 938 3368; x_wconf 84' lang='lat'><strong>120</strong></span> <span class='ocrx_word' id='word_1_257' title='bbox 961 3290 1062 3354; x_wconf 84' lang='lat' dir='ltr'><strong>lleislr.</strong></span> <span class='ocrx_word' id='word_1_258' title='bbox 1088 3294 1126 3354; x_wconf 92' lang='lat' dir='ltr'><strong>de</strong></span> <span class='ocrx_word' id='word_1_259' title='bbox 1149 3295 1309 3374; x_wconf 85' lang='lat' dir='ltr'><strong>Sophoclis</strong></span> 
     </span>
     <span class='ocr_line' id='line_1_29' title="bbox 200 3396 1309 3478; baseline 0.003 -18"><span class='ocrx_word' id='word_1_260' title='bbox 200 3399 369 3460; x_wconf 78' lang='lat' dir='ltr'><strong>Laocoonte</strong></span> <span class='ocrx_word' id='word_1_261' title='bbox 398 3396 500 3474; x_wconf 88' lang='lat' dir='ltr'><strong>tradit,</strong></span> <span class='ocrx_word' id='word_1_262' title='bbox 529 3398 709 3474; x_wconf 85' lang='lat' dir='ltr'><strong>quantumuis</strong></span> <span class='ocrx_word' id='word_1_263' title='bbox 734 3399 906 3478; x_wconf 87' lang='lat' dir='ltr'><strong>ceteroquin</strong></span> <span class='ocrx_word' id='word_1_264' title='bbox 935 3417 970 3459; x_wconf 92' lang='lat' dir='ltr'><strong>ea</strong></span> <span class='ocrx_word' id='word_1_265' title='bbox 997 3400 1150 3478; x_wconf 77' lang='lat' dir='ltr'><strong>tragoedia</strong></span> <span class='ocrx_word' id='word_1_266' title='bbox 1174 3401 1267 3462; x_wconf 89' lang='lat' dir='ltr'><strong>distet</strong></span> <span class='ocrx_word' id='word_1_267' title='bbox 1293 3422 1309 3462; x_wconf 95' lang='lat' dir='ltr'><strong>a</strong></span> 
     </span>
     <span class='ocr_line' id='line_1_30' title="bbox 200 3496 1311 3592; baseline 0.003 -24"><span class='ocrx_word' id='word_1_268' title='bbox 200 3506 339 3568; x_wconf 82' lang='lat' dir='ltr'><strong>anemoria</strong></span> <span class='ocrx_word' id='word_1_269' title='bbox 370 3502 468 3564; x_wconf 79' lang='lat' dir='ltr'><strong>Ennii:</strong></span> <span class='ocrx_word' id='word_1_270' title='bbox 509 3505 667 3582; x_wconf 78' lang='grc' dir='ltr'><strong><em>Σοφοκλῆς</em></strong></span> <span class='ocrx_word' id='word_1_271' title='bbox 694 3499 749 3582; x_wconf 78' lang='grc' dir='ltr'><strong>μὲν</strong></span> <span class='ocrx_word' id='word_1_272' title='bbox 773 3496 790 3568; x_wconf 76' lang='grc' dir='ltr'><em>ὃ</em></span> <span class='ocrx_word' id='word_1_273' title='bbox 823 3500 1042 3592; x_wconf 76' lang='grc' dir='ltr'><strong><em>τραγῳδοποιὸς</em></strong></span> <span class='ocrx_word' id='word_1_274' title='bbox 1071 3505 1103 3568; x_wconf 79' lang='grc' dir='ltr'><strong>ἐν</strong></span> <span class='ocrx_word' id='word_1_275' title='bbox 1131 3501 1311 3570; x_wconf 79' lang='grc' dir='ltr'><strong><em>Λαοκόωντι</em></strong></span> 
     </span>
    </p>
   </div>
   <div class='ocr_carea' id='block_1_3' title="bbox 200 3602 1311 4117">
    <p class='ocr_par' dir='ltr' id='par_1_4' title="bbox 200 3602 1311 4117">
     <span class='ocr_line' id='line_1_31' title="bbox 201 3602 1307 3695; baseline 0.002 -21"><span class='ocrx_word' id='word_1_276' title='bbox 201 3607 328 3695; x_wconf 75' lang='grc' dir='ltr'><strong>δράματι</strong></span> <span class='ocrx_word' id='word_1_277' title='bbox 340 3604 499 3691; x_wconf 73' lang='grc' dir='ltr'><strong><em>μελλούσης</em></strong></span> <span class='ocrx_word' id='word_1_278' title='bbox 512 3602 687 3672; x_wconf 67' lang='lat' dir='ltr'><strong>iunonem</strong></span> <span class='ocrx_word' id='word_1_279' title='bbox 695 3613 746 3691; x_wconf 81' lang='grc' dir='ltr'><strong>τῆς</strong></span> <span class='ocrx_word' id='word_1_280' title='bbox 760 3607 870 3688; x_wconf 80' lang='grc' dir='ltr'><strong><em>πόλεως</em></strong></span> <span class='ocrx_word' id='word_1_281' title='bbox 883 3613 1023 3694; x_wconf 75' lang='grc' dir='ltr'><strong><em>πεποίηκε</em></strong></span> <span class='ocrx_word' id='word_1_282' title='bbox 1037 3605 1089 3677; x_wconf 73' lang='grc' dir='ltr'><strong>τὸν</strong></span> <span class='ocrx_word' id='word_1_283' title='bbox 1095 3613 1219 3676; x_wconf 78' lang='grc' dir='ltr'><strong><em>Αἰνείαν</em></strong></span> <span class='ocrx_word' id='word_1_284' title='bbox 1234 3604 1307 3676; x_wconf 66' lang='lat' dir='ltr'><strong>nvn-</strong></span> 
     </span>
     <span class='ocr_line' id='line_1_32' title="bbox 200 3709 1310 3801; baseline 0.003 -21"><span class='ocrx_word' id='word_1_285' title='bbox 200 3711 414 3797; x_wconf 73' lang='grc' dir='ltr'><strong><em>σοεοαζόμενον</em></strong></span> <span class='ocrx_word' id='word_1_286' title='bbox 430 3717 471 3792; x_wconf 79' lang='grc' dir='ltr'><strong>εἰς</strong></span> <span class='ocrx_word' id='word_1_287' title='bbox 489 3711 544 3798; x_wconf 77' lang='grc' dir='ltr'><strong>τὴν</strong></span> <span class='ocrx_word' id='word_1_288' title='bbox 561 3709 659 3796; x_wconf 76' lang='grc' dir='ltr'><em>Ἴδην,</em></span> <span class='ocrx_word' id='word_1_289' title='bbox 685 3716 880 3780; x_wconf 79' lang='grc' dir='ltr'><strong><em>κελευσθέντα</em></strong></span> <span class='ocrx_word' id='word_1_290' title='bbox 895 3710 955 3782; x_wconf 77' lang='grc' dir='ltr'><strong>ὑπὸ</strong></span> <span class='ocrx_word' id='word_1_291' title='bbox 970 3725 1023 3782; x_wconf 80' lang='grc' dir='ltr'><strong>τοῦ</strong></span> <span class='ocrx_word' id='word_1_292' title='bbox 1044 3714 1154 3801; x_wconf 77' lang='grc' dir='ltr'><strong><em>πατρὸς</em></strong></span> <span class='ocrx_word' id='word_1_293' title='bbox 1173 3713 1310 3800; x_wconf 75' lang='grc' dir='ltr'><strong><em>Ἀγχίσου</em></strong></span> 
     </span>
     <span class='ocr_line' id='line_1_33' title="bbox 201 3813 1311 3907; baseline 0.002 -19"><span class='ocrx_word' id='word_1_294' title='bbox 201 3815 293 3888; x_wconf 72' lang='grc' dir='ltr'><strong>κατὰ</strong></span> <span class='ocrx_word' id='word_1_295' title='bbox 314 3817 379 3905; x_wconf 79' lang='grc' dir='ltr'><strong>τὴν</strong></span> <span class='ocrx_word' id='word_1_296' title='bbox 402 3819 550 3906; x_wconf 79' lang='grc' dir='ltr'>μνήμην</span> <span class='ocrx_word' id='word_1_297' title='bbox 573 3813 830 3906; x_wconf 78' lang='grc' dir='ltr'><strong><em>ὧνἈφροδλτη</em></strong></span> <span class='ocrx_word' id='word_1_298' title='bbox 851 3823 1036 3906; x_wconf 76' lang='grc' dir='ltr'><strong><em>ἐπέσκηψε</em></strong></span> <span class='ocrx_word' id='word_1_299' title='bbox 1104 3825 1206 3887; x_wconf 90' lang='lat' dir='ltr'><strong>Habeo</strong></span> <span class='ocrx_word' id='word_1_300' title='bbox 1223 3846 1311 3907; x_wconf 85' lang='lat' dir='ltr'><strong>prae·</strong></span> 
     </span>
     <span class='ocr_line' id='line_1_34' title="bbox 200 3929 1308 4011; baseline 0.004 -19"><span class='ocrx_word' id='word_1_301' title='bbox 200 3940 284 3992; x_wconf 88' lang='lat' dir='ltr'><strong>terea</strong></span> <span class='ocrx_word' id='word_1_302' title='bbox 305 3931 361 3993; x_wconf 91' lang='lat' dir='ltr'><strong>duo</strong></span> <span class='ocrx_word' id='word_1_303' title='bbox 385 3950 460 4011; x_wconf 84' lang='lat' dir='ltr'><strong>quae</strong></span> <span class='ocrx_word' id='word_1_304' title='bbox 482 3932 518 3992; x_wconf 94' lang='lat' dir='ltr'><strong>ad</strong></span> <span class='ocrx_word' id='word_1_305' title='bbox 534 3929 690 3993; x_wconf 78' lang='lat' dir='ltr'><strong>Anchisam</strong></span> <span class='ocrx_word' id='word_1_306' title='bbox 707 3932 832 3993; x_wconf 89' lang='lat' dir='ltr'><strong>relerarn</strong></span> <span class='ocrx_word' id='word_1_307' title='bbox 847 3932 1027 4010; x_wconf 77' lang='lat' dir='ltr'><strong>fragmenta,</strong></span> <span class='ocrx_word' id='word_1_308' title='bbox 1051 3935 1097 3995; x_wconf 89' lang='lat' dir='ltr'><strong>eui</strong></span> <span class='ocrx_word' id='word_1_309' title='bbox 1117 3937 1249 3995; x_wconf 83' lang='lat' dir='ltr'><strong>exoranti</strong></span> <span class='ocrx_word' id='word_1_310' title='bbox 1267 3939 1308 3996; x_wconf 91' lang='lat' dir='ltr'><strong>in·</strong></span> 
     </span>
     <span class='ocr_line' id='line_1_35' title="bbox 201 4038 1308 4117; baseline 0.006 -20"><span class='ocrx_word' id='word_1_311' title='bbox 201 4039 363 4116; x_wconf 81' lang='lat' dir='ltr'><strong>etantique,</strong></span> <span class='ocrx_word' id='word_1_312' title='bbox 391 4047 422 4098; x_wconf 93' lang='lat' dir='ltr'><strong>nt</strong></span> <span class='ocrx_word' id='word_1_313' title='bbox 444 4057 514 4099; x_wconf 90' lang='lat' dir='ltr'><strong>suae</strong></span> <span class='ocrx_word' id='word_1_314' title='bbox 533 4039 696 4099; x_wconf 91' lang='lat' dir='ltr'><strong>auctoritati</strong></span> <span class='ocrx_word' id='word_1_315' title='bbox 720 4038 804 4099; x_wconf 87' lang='lat' dir='ltr'><strong>cedat</strong></span> <span class='ocrx_word' id='word_1_316' title='bbox 824 4039 960 4117; x_wconf 79' lang='lat' dir='ltr'><strong>Aeneas,</strong></span> <span class='ocrx_word' id='word_1_317' title='bbox 985 4041 1122 4108; x_wconf 88' lang='lat' dir='ltr'><strong>conuenit</strong></span> <span class='ocrx_word' id='word_1_318' title='bbox 1140 4041 1175 4101; x_wconf 84' lang='lat' dir='ltr'><strong>ir.</strong></span> <span class='ocrx_word' id='word_1_319' title='bbox 1193 4041 1308 4106; x_wconf 89' lang='lat' dir='ltr'><strong>XVlll:</strong></span> 
     </span>
    </p>
   </div>
   <div class='ocr_carea' id='block_1_4' title="bbox 201 4145 1310 4335">
    <p class='ocr_par' dir='ltr' id='par_1_5' title="bbox 201 4145 1310 4335">
     <span class='ocr_line' id='line_1_36' title="bbox 202 4145 1308 4224; baseline 0.005 -18"><span class='ocrx_word' id='word_1_320' title='bbox 202 4155 232 4206; x_wconf 90' lang='lat' dir='ltr'><strong>et</strong></span> <span class='ocrx_word' id='word_1_321' title='bbox 259 4163 297 4205; x_wconf 89' lang='lat' dir='ltr'><strong>ex</strong></span> <span class='ocrx_word' id='word_1_322' title='bbox 323 4146 443 4207; x_wconf 87' lang='lat' dir='ltr'><strong>incertis</strong></span> <span class='ocrx_word' id='word_1_323' title='bbox 472 4163 529 4207; x_wconf 91' lang='lat' dir='ltr'><strong>non</strong></span> <span class='ocrx_word' id='word_1_324' title='bbox 558 4145 740 4206; x_wconf 87' lang='lat' dir='ltr'><strong>incommoda</strong></span> <span class='ocrx_word' id='word_1_325' title='bbox 766 4146 821 4224; x_wconf 93' lang='lat' dir='ltr'><strong>ipsi</strong></span> <span class='ocrx_word' id='word_1_326' title='bbox 849 4147 985 4207; x_wconf 89' lang='lat' dir='ltr'><strong>uaticinio</strong></span> <span class='ocrx_word' id='word_1_327' title='bbox 1009 4148 1153 4210; x_wconf 88' lang='lat' dir='ltr'><strong>sententia</strong></span> <span class='ocrx_word' id='word_1_328' title='bbox 1174 4153 1226 4208; x_wconf 83' lang='lat' dir='ltr'><strong>sed</strong></span> <span class='ocrx_word' id='word_1_329' title='bbox 1246 4157 1308 4211; x_wconf 82' lang='lat' dir='ltr'><strong>notu</strong></span> 
     </span>
     <span class='ocr_line' id='line_1_37' title="bbox 201 4252 1310 4335; baseline 0.004 -21"><span class='ocrx_word' id='word_1_330' title='bbox 201 4265 342 4314; x_wconf 81' lang='lat' dir='ltr'><strong>terrorum</strong></span> <span class='ocrx_word' id='word_1_331' title='bbox 357 4263 505 4332; x_wconf 66' lang='lat' dir='ltr'><strong>matonam</strong></span> <span class='ocrx_word' id='word_1_332' title='bbox 525 4273 678 4330; x_wconf 80' lang='lat' dir='ltr'><strong>permenso</strong></span> <span class='ocrx_word' id='word_1_333' title='bbox 698 4272 856 4330; x_wconf 82' lang='lat' dir='ltr'><strong>parumper</strong></span> <span class='ocrx_word' id='word_1_334' title='bbox 881 4254 960 4332; x_wconf 83' lang='lat' dir='ltr'><strong>(inc.</strong></span> <span class='ocrx_word' id='word_1_335' title='bbox 990 4253 1052 4314; x_wconf 90' lang='lat' dir='ltr'><strong>sed.</strong></span> <span class='ocrx_word' id='word_1_336' title='bbox 1077 4252 1129 4333; x_wconf 87' lang='lat' dir='ltr'><strong>l):</strong></span> <span class='ocrx_word' id='word_1_337' title='bbox 1163 4272 1250 4335; x_wconf 86' lang='lat' dir='ltr'><strong>qnam</strong></span> <span class='ocrx_word' id='word_1_338' title='bbox 1272 4277 1310 4318; x_wconf 91' lang='lat' dir='ltr'><strong>ue</strong></span> 
     </span>
    </p>
   </div>
   <div class='ocr_carea' id='block_1_5' title="bbox 0 0 1406 4932">
    <p class='ocr_par' dir='ltr' id='par_1_6' title="bbox 0 0 1406 4932">
     <span class='ocr_line' id='line_1_38' title="bbox 0 0 1406 4932; baseline 0 0"><span class='ocrx_word' id='word_1_339' title='bbox 0 0 1406 4932; x_wconf 95' lang='lat' dir='ltr'><strong> </strong></span> 
     </span>
    </p>
   </div>
  </div>
 </body>
</html>
