2784 4940
513 357 740 413 ΕΝΝΙΑΝΑΕ
1090 369 1186 416 LXXV

60 521 220 583 Macrobii
242 524 271 580 in
286 521 448 582 Histrorum
470 525 584 584 nomine
606 523 746 582 residere.
793 521 836 581 hd
852 521 935 582 Ennii
958 531 1053 581 autem
1072 523 1183 599 poesim

61 627 243 686 Macrobius
272 637 394 688 testatur
415 629 578 704 Vergilium
607 647 686 688 suam
716 629 752 686 de
779 628 910 688 Pandaro
941 637 969 688 et
992 629 1064 688 Ritia
1088 647 1185 688 narra·

62 736 186 793 tionem
218 734 307 811 (hen.
331 733 454 794 1x672
477 736 560 813 sqq.)
596 736 806 794 conformasse.
864 733 896 793 ln
930 753 985 812 qua
1015 752 1079 795 cum
1112 735 1185 796 haec

63 859 154 919 quae
175 841 323 917 Vergilius
357 841 427 900 dicit
458 845 562 899 armati
590 844 670 914 serra
703 849 730 899 et
759 848 851 900 cristis
872 848 966 917 capita
998 821 1187 900 alhr‘corusci

64 946 173 1027 (678)
197 967 213 1006 a
235 948 339 1006 Seruio
362 948 390 1004 in
411 944 485 1003 hen.
511 944 530 1002 l.
563 945 582 1002 l.
605 945 736 1004 laudatus
760 945 858 1024 Asper
879 945 1015 1006 exEnnii
1037 946 1184 1006 locutione

62 1060 209 1114 succincti
224 1057 311 1113 cardo
334 1055 491 1110 machaeris
513 1049 586 1128 (lv)
611 1030 782 1138 deprompta
804 1053 898 1132 dicat,
918 1051 985 1112 iude
1005 1070 1063 1110 non
1087 1053 1184 1129 inepte

62 1139 188 1219 Merula
209 1178 243 1218 ea
264 1159 301 1218 de
318 1157 387 1215 uiris
410 1156 534 1216 fortibus
557 1156 614 1217 illis
638 1156 715 1216 elata
735 1159 908 1218 existimauit
926 1159 975 1238 qui
998 1165 1184 1234 erumpentes

64 1272 161 1340 porta
184 1273 314 1340 stragem
335 1264 371 1322 de
393 1262 546 1323 obsidente
572 1264 656 1322 haste
678 1264 836 1324 fecissent:
860 1266 913 1324 nisi
935 1265 1013 1341 quod
1033 1261 1183 1322 Mactabis

62 1369 191 1428 nimium
212 1368 339 1428 conlisus
361 1379 418 1430 tum
433 1371 509 1430 forte
525 1373 601 1430 iuter
619 1370 776 1430 auxiliares
791 1369 963 1430 Ambraciae
978 1369 1091 1429 Histros
1112 1385 1183 1448 quo·

64 1494 131 1552 que
154 1476 249 1535 luisse
272 1476 402 1535 adsumit.

537 1725 663 1787 GAPVT
686 1728 727 1787 Vl

163 1895 316 1953 Sextum
341 1895 522 1955 decimum
545 1897 714 1956 annalem
738 1905 825 1976 poeta
855 1913 931 1955 nouo
957 1895 1079 1955 exordio
1112 1896 1183 1970 iniit,

67 2019 153 2080 quo,
187 1999 265 2077 quod
287 1999 402 2058 residua
427 2019 443 2058 e
467 2001 638 2078 prohoemio
662 2003 803 2079 particula
832 2009 933 2078 quippe
962 2011 1067 2061 iretusta
1093 2007 1184 2060 uirum

67 2127 129 2166 uon
153 2115 196 2165 cst
218 2112 286 2164 satr's
312 2110 381 2164 bella
405 2105 512 2166 moueri
533 2106 591 2186 (ll)
624 2107 746 2183 iudicat,
779 2110 814 2168 ad
842 2128 890 2168 res
913 2127 983 2166 suae
1005 2107 1091 2166 aetati
1117 2122 1183 2183 pro-

69 2216 179 2291 piores
206 2230 239 2271 se
267 2212 447 2272 descendere
476 2212 638 2289 profitetur.
685 2213 778 2286 Quem
809 2213 912 2273 librum
933 2213 1041 2273 Plinius
1063 2219 1185 2270 testatur

13 2331 17 2338 '
66 2319 255 2378 Dentrum
278 2336 365 2378 causa
388 2318 587 2397 superioribus
610 2319 753 2378 adiectum
774 2337 841 2380 esse
863 2329 920 2378 nat.
943 2320 1009 2378 hist.
1033 2317 1087 2378 Vll
1106 2317 1181 2378 101:

64 2429 210 2501 fortitudo
231 2430 259 2482 iu
280 2445 333 2500 quo
354 2444 485 2484 maxume
504 2432 639 2485 exstilerit
660 2432 799 2484 inmensae
819 2432 984 2500 quaestionis
1009 2435 1060 2494 est,
1094 2430 1185 2500 utique

66 2539 95 2591 si
112 2536 230 2606 poitica
251 2535 403 2606 recipiatur
428 2535 601 2607 fabulositas.
647 2537 678 2604 Q.
702 2535 810 2590 Ennius
835 2535 866 2589 Τ.
889 2534 1033 2591 Caecilium
1054 2535 1185 2590 Dentrem

66 2643 251 2713 fratremque
270 2644 328 2697 aas
343 2644 499 2713 praecipue
517 2645 632 2698 miratus
648 2649 767 2713 propter
787 2655 833 2695 eas
851 2646 959 2696 reatum
972 2643 1114 2696 decumum
1135 2639 1184 2692 ad-

68 2751 139 2803 iecit
160 2749 299 2802 annalem.
342 2743 425 2804 Plinii
448 2743 562 2821 quidem
581 2743 646 2802 libri
665 2760 720 2801 non
736 2742 875 2802 Dentrem
898 2743 950 2802 sed
966 2742 1109 2802 Teucrum
1135 2759 1185 2798 ex-

70 2850 195 2924 hibent,
230 2851 307 2927 quod
341 2850 409 2909 olim
438 2857 601 2908 correctum
633 2859 687 2908 est.
733 2848 813 2908 Titus
836 2857 929 2907 autern
953 2846 1099 2908 Caecilius
1122 2864 1186 2907 cum

71 2973 164 3016 nemo
196 2973 232 3014 ea
251 2963 347 3015 aetate
371 2972 455 3032 quam
478 2955 505 3010 in
530 2952 606 3012 hunc
636 2953 767 3012 annalem
797 2953 934 3012 incidisse
961 2953 1113 3032 probabile
1141 2963 1186 3012 est

72 3048 333 3135 commemoretur,
357 3058 485 3118 Hachius
507 3059 543 3118 de
559 3058 643 3116 Ennii
666 3078 729 3118 ann.
754 3060 856 3136 fragm.
881 3059 943 3120 aP.
959 3059 1071 3136 Merula
1094 3062 1185 3120 auctis

38 3198 44 3204 e
74 3188 106 3247 p.
134 3168 175 3226 47
199 3166 316 3226 Lucium
343 3167 484 3243 reposuit.
531 3165 589 3225 Sed
616 3165 652 3224 de
677 3166 816 3226 Dentrum
844 3167 933 3226 rebus
965 3165 1116 3226 admodum
1143 3173 1185 3224 te·

72 3275 141 3332 nuis
166 3272 241 3352 apud
264 3272 372 3331 Liuium
392 3273 531 3331 memoria
553 3281 647 3331 extat:
669 3270 774 3332 Lucius
796 3290 821 3330 a.
850 3292 876 3330 ιι.
901 3293 926 3334 c.
954 3272 1016 3332 570
1038 3273 1066 3331 in
1087 3271 1186 3332 Sicilia

75 3386 202 3456 praetor
229 3377 320 3437 luisse
350 3379 520 3457 perhibetur
547 3376 596 3436 XL
629 3379 661 3452 1,
694 3375 809 3438 blancus
838 3380 929 3440 irater
958 3398 983 3438 a.
1015 3397 1044 3436 u.
1072 3397 1098 3438 c.
1125 3377 1186 3438 579

75 3486 115 3545 ad
139 3484 314 3543 Antiochum
343 3503 378 3544 ac
401 3485 596 3543 Ptolemaeum
627 3486 812 3546 renouandae
834 3486 977 3546 amicitiae
997 3501 1084 3542 causa
1107 3482 1186 3558 lega·

78 3601 126 3650 tus
148 3591 237 3650 luisse
259 3589 336 3649 XLll
352 3592 381 3651 6.
426 3589 547 3649 Rettulit
565 3590 640 3649 haec
661 3589 693 3648 F.
713 3590 842 3649 Ritterus
864 3607 981 3669 quoque
1003 3588 1022 3646 l.
1037 3587 1055 3646 l.
1079 3605 1107 3665 p.
1125 3587 1187 3648 386

76 3697 150 3756 illud
180 3713 238 3754 non
261 3695 492 3755 animaduertens
515 3714 598 3774 quam
621 3714 721 3774 parum
743 3696 817 3756 haec
845 3695 1017 3755 conueniant
1040 3694 1066 3752 ei
1088 3712 1104 3752 e
1127 3710 1184 3770 quo

78 3818 213 3878 magnam
237 3800 274 3859 de
298 3800 458 3860 Dentribus
480 3803 714 3879 expectationem
743 3803 888 3862 haurimus
909 3799 1073 3860 testimonio
1095 3799 1186 3858 Plinii.

80 3907 119 3966 At
141 3906 263 3966 dandum
288 3915 333 3966 est
355 3905 463 3984 aliquid
484 3909 619 3986 poeticae
642 3925 726 3985 quam
742 3908 791 3968 ille
807 3909 874 3968 dicit
894 3904 1081 3979 fabulositati‚
1102 3913 1187 3982 atque

80 4012 204 4070 Ennium
234 4010 373 4070 credibile
397 4021 460 4087 est,
490 4032 552 4072 cum
574 4013 656 4091 plura
678 4012 713 4071 de
737 4013 794 4071 illis
817 4012 886 4070 uiris
907 4010 1082 4088 compererit
1105 4027 1188 4086 quarn

79 4117 256 4194 scriptorum
285 4115 430 4176 beneficio
465 4117 500 4176 ad
525 4137 578 4178 nos
610 4127 801 4197 propagatum
823 4125 885 4193 est,
918 4132 953 4175 ea
982 4115 1040 4176 suis
1066 4115 1188 4176 inuentis

79 4223 167 4284 etiam
188 4222 217 4280 in
231 4223 322 4284 maius
341 4239 513 4284 exornasse.
