2752 4944
628 349 861 408 ANMALIVM
959 304 963 309 ·

726 517 773 587 XI

295 636 373 708 Inde
392 637 454 708 sibi
469 641 644 722 memorat,
672 659 775 706 unum
797 659 899 730 super
918 659 995 708 esse
1012 637 1168 708 laborem.

692 789 753 859 XII
767 787 807 826 **

207 917 267 980 160
294 909 405 1004 Atque
428 865 632 1002 gubernator
653 931 776 1002 magna
792 911 953 983 contorsit
973 933 1078 1005 equos
1097 911 1140 979 ui.

693 1061 767 1132 XIII
782 1060 798 1100 *

293 1181 429 1254 Somnia
450 1205 532 1254 uera
553 1183 693 1277 aliquot,
721 1205 838 1254 uerum
859 1185 969 1256 omnia
988 1207 1099 1256 noenu
1120 1188 1304 1255 necessest.

704 1337 788 1406 XIV

293 1455 430 1526 Caelum
451 1455 603 1546 suspexit
624 1455 728 1554 stellis
748 1457 952 1552 fulgentibus
971 1461 1091 1550 aptum.

189 1659 285 1707 Itoma
307 1659 332 1707 in
345 1657 443 1707 Palatio
463 1664 521 1707 ante
540 1657 664 1723 templum
679 1659 808 1725 Apollinis
830 1659 940 1719 dicitur,
966 1659 1011 1708 ubi
1026 1661 1139 1724 reposita
1153 1667 1212 1709 aunt
1238 1677 1303 1724 quae

189 1729 272 1778 solent
287 1728 346 1777 boni
361 1728 453 1777 ominis
467 1727 550 1794 gratia
563 1729 590 1776 ia
605 1729 669 1778 urhe
684 1731 817 1780 condenda
832 1730 965 1790 adhiberi,
986 1730 1046 1791 quia
1058 1745 1122 1780 saxo
1136 1731 1250 1780 munitus
1266 1739 1303 1779 est

190 1799 262 1847 initio
278 1798 304 1846 in
322 1798 435 1863 speciem
453 1797 611 1860 quadratam.
632 1800 687 1848 eins
708 1799 758 1850 loci
774 1801 871 1850 Ennius
900 1815 943 1848 ·m·
972 1814 1029 1848 cum
1050 1801 1098 1848 ait:
1125 1801 1163 1848 et'
1189 1816 1211 1849 e.
1234 1816 1260 1862 q.
1280 1816 1301 1848 s.

190 1869 270 1916 Ennio
292 1882 342 1916 uon
363 1873 510 1916 reclausus
530 1875 568 1916 est
587 1867 691 1928 leatus,
720 1871 742 1918 si
762 1870 865 1934 quidem
884 1877 960 1934 poeta
978 1869 1183 1931 antiquissimam
1199 1870 1302 1918 Romuli

189 1938 277 1986 urbem
298 1937 439 2002 significat:
470 1951 520 1999 qua
546 1937 578 1986 de
602 1939 662 1988 uide
681 1939 712 1988 ll.
735 1939 849 2005 Magium
866 1941 893 1988 in
911 1937 982 1988 Grut.
1001 1938 1091 2004 Lamp.
1105 1940 1136 1992 ,ΙΙ
1161 1938 1230 1989 1386
1262 1939 1299 1989 CI.

189 2007 218 2058 Ο.
233 2006 370 2056 Muellerus
385 2007 418 2056 de
428 2007 483 2056 reb.
497 2007 596 2056 Etruac.
612 2009 635 2057 II
653 2008 703 2059 145
726 2008 756 2058 G.
769 2011 800 2057 A.
815 2009 943 2059 Becherus
957 2009 1043 2070 Antiq.
1060 2009 1135 2058 Rom.
1152 2010 1162 2057 l
1179 2007 1231 2060 106
1256 2009 1301 2057 llic

188 2078 266 2127 inseri
279 2077 349 2125 iubet
364 2076 398 2125 Μ.
415 2075 533 2125 Hertuius
548 2077 654 2126 Excurs.
672 2077 763 2144 philol.
780 2077 839 2127 clin.
854 2095 881 2144 p.
893 2079 927 2128 42
996 2077 1032 2126 XI
1052 2077 1150 2128 Gellius
1165 2079 1223 2128 122
1243 2078 1301 2126 ‘scd

188 2147 332 2196 inuenimus
348 2147 373 2194 in
391 2146 465 2196 tertio
480 2147 545 2195 Enni
560 2147 689 2197 annalium
709 2149 735 2196 in
750 2147 799 2198 hoc
818 2163 909 2198 uersu:
934 2147 1007 2196 inde'
1028 2163 1051 2197 a.
1066 2163 1090 2210 q.
1105 2163 1127 2197 s.
1150 2148 1193 2197 ‘id
1209 2155 1247 2196 est
1262 2163 1299 2196 re-

189 2218 284 2266 licuum
299 2231 355 2266 esse
370 2223 394 2265 et
408 2223 517 2266 restare:
544 2217 612 2278 quod
626 2218 729 2279 quIdem
743 2217 827 2267 diuise
841 2217 1056 2282 pronuntiandum
1070 2225 1123 2278 est,
1147 2225 1173 2265 ut
1186 2231 1236 2266 non
1250 2233 1300 2266 una

188 2301 248 2352 pars
268 2285 390 2335 orationis
414 2301 470 2335 esse
496 2286 613 2334 uideatur
639 2288 686 2336 sed
707 2287 791 2336 duae.'
817 2285 869 2352 (in
890 2287 990 2336 tertio
1014 2301 1064 2336 om.
1084 2287 1202 2336 Rottend.
1223 2287 1298 2335 enni

186 2357 246 2405 Vat.
266 2353 448 2404 dniRottend.
475 2353 614 2418 eniPar.)
683 2356 732 2405 XII
752 2355 883 2406 Charisius
905 2357 940 2405 IV
963 2371 989 2421 p.
1006 2357 1100 2406 2441‘.
1123 2355 1189 2422 (162
1208 2353 1299 2418 Lind.)

188 2425 374 2491 (metaphorae
387 2422 559 2488 communes)
587 2429 678 2488 ‘quern
702 2427 839 2476 admodum
865 2428 891 2475 in
909 2426 969 2475 naui
998 2425 1088 2491 auriga
1110 2427 1203 2476 dicitur
1226 2433 1253 2474 et
1273 2427 1298 2474 iu

190 2510 265 2545 curru
279 2495 446 2560 gubernator,
466 2501 507 2543 ut:
527 2496 632 2560 magna'
648 2511 670 2544 e.
685 2512 710 2558 q.
724 2511 745 2545 s.
775 2497 872 2546 Eadem
886 2495 963 2544 habet
975 2495 1113 2545 Diomedes
1127 2497 1150 2544 ll
1163 2511 1189 2560 p.
1204 2495 1254 2545 451
1270 2496 1297 2542 P.

188 2565 358 2624 Quintilianus
370 2565 431 2614 VIII
447 2563 502 2623 6,9
518 2562 703 2630 (comparatio)
718 2569 791 2615 ‘cum
806 2567 831 2614 in
847 2565 923 2615 rebus
937 2565 1090 2614 animalibus
1103 2565 1172 2614 aliud
1185 2578 1229 2630 pro
1247 2564 1296 2614 alio

187 2637 304 2702 ponitur,
323 2642 350 2683 ut
364 2635 396 2685 de
411 2635 550 2700 agitatore:
572 2635 726 2699 gubernator
792 2636 828 2684 ui.
846 2643 870 2684 et
886 2643 913 2684 ut
928 2635 1030 2684 Liuius’
1045 2651 1067 2684 e.
1080 2651 1105 2698 q.
1121 2651 1143 2684 s.
1177 2635 1294 2684 Claudius

187 2705 312 2756 Sacerdos
325 2705 335 2752 I
350 2719 376 2769 p.
390 2702 424 2754 43
434 2703 508 2753 Endl.
529 2704 692 2768 ‘metaphora
703 2731 736 2742 -
749 2704 781 2754 ab
796 2705 900 2754 animali
916 2704 949 2754 ad
963 2703 1087 2754 animale:
1103 2705 1190 2767 atque’
1204 2721 1226 2753 a.
1237 2720 1261 2765 q.
1272 2719 1291 2751 s.

186 2777 267 2826 Ennio
287 2789 389 2823 uersum
409 2781 466 2838 post
486 2775 505 2822 I.
519 2774 552 2823 M.
572 2773 712 2824 Gesnerum
729 2775 755 2824 in
774 2775 830 2824 Iud.
850 2773 954 2833 Quintil.
977 2775 1119 2826 uindicauit
1138 2775 1168 2824 Α.
1186 2773 1292 2823 lloohius

187 2847 277 2894 Exere.
294 2845 349 2892 crit.
370 2858 396 2908 p.
413 2842 443 2891 ll
514 2842 575 2892 XIII
596 2843 685 2894 Cicero
706 2845 739 2894 de
758 2844 811 2893 diu.
828 2846 851 2893 ll
873 2845 916 2903 62,
938 2842 987 2894 127
1011 2844 1156 2906 ‘aliquot
1173 2844 1291 2892 somnii

186 2930 278 2972 uera,
299 2912 506 2975 Inquiramus,
526 2914 582 2962 sed
597 2915 702 2962 omnia
716 2928 778 2962 non
793 2921 843 2962 est
857 2915 1010 2963 necesse.’
1040 2915 1095 2964 Huc
1109 2913 1204 2962 rettulit
1218 2913 1247 2960 H.
1262 2912 1291 2959 ll-

186 2985 299 3048 bergius.
336 2983 490 3047 Epicharmo
510 2983 607 3032 Merula
627 2998 653 3048 p.
671 2983 776 3042 LXXII,
796 2984 900 3048 tragicis
921 2983 985 3047 (inc.
1006 2998 1073 3034 nom.
1095 2980 1166 3046 LVI)
1185 2981 1214 3032 0.
1234 2982 1290 3030 Rib-

186 3053 293 3103 beclrius
303 3053 420 3110 ascribit3
437 3051 482 3102 sed
495 3051 528 3102 cl.
545 3053 653 3102 eundem
663 3053 696 3102 ad
709 3053 758 3101 inc.
773 3053 822 3102 inc.
834 3053 887 3102 fab.
898 3051 1006 3102 LXVIII
1075 3051 1138 3102 XIV
1154 3051 1290 3102 Macrobius

186 3122 240 3172 Sat.
251 3123 311 3172 Vll
332 3139 358 3187 p.
372 3121 489 3172 aaaron.
511 3124 603 3172 ‘axem
618 3137 706 3172 umero
726 3131 826 3184 torquet
843 3122 924 3172 stellis
939 3122 1086 3172 ardentibus
1101 3130 1196 3188 aptum.
1219 3120 1289 3186 [heu.

185 3193 220 3242 IV
233 3191 296 3256 482]
322 3192 417 3241 Ennius
439 3193 465 3240 iu
487 3193 584 3257 primo:
613 3190 733 3256 [XXVII]
755 3193 819 3241 etin
835 3193 922 3242 tertio:
950 3192 1048 3242 caelum
1129 3200 1216 3257 aptum
1230 3199 1254 3240 et
1267 3191 1289 3238 iu

185 3262 299 3312 decimo:
324 3261 384 3311 hinc
403 3277 455 3312 nox
475 3263 659 3327 processit’
682 3277 782 3325 e.q.s.
809 3262 861 3328 (iu
880 3262 942 3322 111⁰,
968 3269 1078 3321 om.et‚
1096 3261 1189 3312 Salisb.
1210 3269 1240 3310 ct
1260 3261 1290 3309 in

182 3494 242 3544 cral
257 3489 318 3545 cod.
340 3487 450 3560 etquis
472 3503 504 3542 se
520 3491 615 3556 sperat
630 3486 792 3546 Salmasius.
817 3493 844 3542 et
865 3489 912 3559 qui
935 3503 966 3542 se
988 3491 1083 3558 sperat
1099 3486 1129 3542 0.
1145 3486 1290 3543 Muellerus

268 3579 319 3633 159
334 3588 494 3645 superesse
515 3571 576 3628 Vat.
596 3589 681 3643 super
696 3590 749 3630 om.
761 3572 832 3627 Par.
855 3587 1006 3643 superesse
1023 3575 1108 3627 ceteri
1192 3576 1242 3630 166
1255 3577 1290 3624 at-

182 3675 236 3730 que
259 3659 397 3716 Claudius.
421 3673 539 3727 cumque
561 3657 721 3725 Diomedes,
744 3674 796 3714 om.
821 3657 964 3714 Charisius
984 3663 1009 3712 at
1030 3655 1212 3723 Quintilianus

182 3760 284 3814 magno
300 3744 389 3800 Dicin
475 3757 578 3837 equum
592 3743 620 3796 ui
635 3742 697 3808 (uia
712 3749 742 3797 ut
759 3742 827 3798 Tur.
841 3742 945 3814 Guels.)
934 3740 1070 3808 lQuiutil.
1085 3757 1168 3811 equo,
1185 3757 1237 3795 om.
1255 3740 1289 3805 ui,

181 3829 396 3884 Ilionam
411 3843 437 3882 c.
454 3845 479 3882 a.
495 3827 523 3882 ui
539 3829 708 3898 gubernator
722 3827 806 3884 Char.
917 3832 965 3886 161
981 3827 1090 3880 somnia
1106 3842 1175 3882 uera
1190 3826 1292 3895 aliquoi

180 3913 217 3968 Η.
233 3913 377 3986 Ilberpius.
398 3913 503 3984 aliquot
519 3913 629 3966 somnia
650 3928 717 3966 uera
737 3911 831 3968 Cicero
917 3910 1064 3966 uerumH.
1080 3910 1226 3981 Ilburpius.
1242 3909 1292 3964 sed

181 3998 276 4054 Cicero
362 4013 455 4052 noenu
476 4011 594 4052 necesse
612 3997 650 4052 H.
666 3996 811 4067 Ilberpius.
834 4013 890 4051 non
910 4001 952 4050 est
973 4011 1092 4050 necesse
1109 3994 1220 4062 Cicero,
1242 3995 1293 4050 mci

180 4084 253 4153 quod
266 4099 323 4138 non
338 4099 457 4138 necessa
473 4088 516 4136 est
530 4097 602 4142 uuus
616 4081 825 4137 codsaMosari.
842 4082 947 4152 aliquot
962 4086 1026 4135 sunt
1042 4097 1110 4136 uera
1127 4080 1292 4145 sommant
1365 4137 1368 4142 ,

181 4183 236 4220 non
253 4167 349 4221 omnia
367 4172 410 4221 est
424 4182 542 4220 necesse
556 4167 629 4222 siue·
653 4167 747 4221 omnia
764 4183 829 4220 esse
846 4183 901 4220 non
918 4170 1065 4220 necessest
1081 4164 1111 4220 0
1128 4162 1293 4220 Ribbeckt'us

288 4255 338 4310 162
360 4251 506 4324 prospexIt
525 4250 588 4308 libri
