2752 4944
223 345 320 392 Lxxx
617 332 928 400 QVAESTIONES

225 500 319 578 posita
346 495 441 556 subito
469 495 712 572 adgrederentur,
745 499 793 575 qul
822 498 895 556 intra
917 495 1025 556 uallum
1047 504 1130 556 erant
1150 512 1280 570 omnes,
1311 513 1346 552 ne

224 604 345 664 consule
369 602 484 680 quidem
506 609 650 680 excepto,
672 605 814 662 communi
835 613 950 662 terrore
976 603 1091 680 abrepti
1111 602 1145 661 ad
1170 619 1256 660 mare
1276 618 1346 660 coo·

223 709 349 785 lugiunt:
378 727 449 766 unta
474 715 608 767 rononsit
625 712 664 767 M.
689 713 810 769 Limatus
831 715 931 769 Strabo
959 714 1086 768 udonus
1104 713 1224 766 militnm
1248 715 1348 766 tertiam

222 819 333 890 lepionrb
354 833 416 872 mom
443 818 530 872 tribus
555 821 640 890 abab
667 819 702 874 nb
728 820 833 889 lopiano
858 833 911 874 sam
933 820 1061 874 relictus.-
1096 818 1173 873 bunc
1193 820 1227 872 in
1250 833 1346 872 nocuo

223 931 317 978 coeno
336 924 436 992 impetu
456 922 532 993 sacto
546 923 645 993 lintri,
666 940 728 978 cum
745 925 818 978 ooo
838 931 965 978 armatus
983 926 1023 978 eis
1042 939 1122 978 nomo
1138 924 1255 978 οὺυίαηι
1269 926 1346 986 isset,

224 1033 252 1083 in
265 1029 408 1098 praetorio
425 1029 600 1082 instruentem
622 1036 703 1102 atone
723 1029 914 1084 adhortantem
935 1044 1001 1084 snos
1015 1034 1237 1100 oppresserunt.-
1256 1042 1345 1098 proe-

222 1135 287 1187 lium
306 1133 426 1186 atrocitas
444 1150 527 1204 prtum
544 1151 601 1204 pro
618 1137 759 1205 miradolo
780 1137 961 1199 resistendum
979 1131 1036 1204 snit
1059 1147 1112 1188 nec
1139 1140 1206 1188 onte
1232 1135 1344 1204 finitum

223 1247 264 1294 est
276 1255 358 1310 mam
373 1237 497 1292 ινίῠιιπιιε
510 1241 621 1294 molitum
634 1244 733 1312 qrtiqroe
746 1244 824 1295 circo
840 1256 901 1296 eum
915 1241 1096 1294 constiterant
1110 1239 1257 1311 batersecti
1268 1246 1342 1294 sunt.

224 1343 263 1401 Ar
281 1341 384 1401 tribuni
407 1357 511 1399 nomen
532 1358 589 1400 nou
619 1341 770 1400 conuenit:
801 1360 887 1420 quem
908 1343 1006 1402 Liuius
1028 1340 1184 1416 Licinium,
1212 1339 1340 1401 Ennius.

224 1451 249 1508 si
264 1447 413 1507 lloorabio
437 1447 514 1521 (Sat.
538 1447 577 1506 Vl
599 1447 617 1506 3
640 1465 668 1524 p.
692 1447 754 1507 516
775 1448 853 1526 lau.)
874 1449 963 1524 lides,
989 1447 1103 1508 Callum
1126 1446 1175 1508 uel
1198 1443 1339 1506 Coelium

224 1553 395 1633 adpellauit:
418 1570 472 1630 pro
494 1571 552 1631 quo
572 1553 683 1613 llerola
707 1553 740 1613 G.
765 1554 880 1616 Aelium
902 1557 1047 1633 reposuit,
1072 1573 1137 1614 oum
1158 1552 1261 1613 Liuius
1287 1555 1339 1612 ini·

90 1731 95 1736 ¹
224 1665 265 1721 tio
287 1660 357 1720 belli
379 1657 442 1718 XLI
470 1659 496 1718 l.
527 1659 546 1717 4
579 1658 612 1717 Τ.
632 1669 661 1718 et
681 1659 714 1719 G.
737 1659 842 1718 Aelios
863 1659 994 1718 tribunos
1019 1660 1157 1720 attulerit.
1204 1660 1274 1720 Nec
1299 1662 1339 1719 in·

225 1767 377 1847 probabile
404 1763 471 1822 mibi
497 1762 611 1841 quidem
634 1765 747 1827 uidetur
778 1767 806 1824 in
826 1764 1040 1846 Colli-nomine
1064 1764 1097 1824 G.
1122 1767 1243 1827 Aelium
1266 1769 1337 1829 deli·

223 1885 356 1948 tescere,
382 1873 444 1930 siue
465 1868 630 1928 Macrobius
652 1870 709 1930 lroc
731 1887 835 1930 nomen
857 1872 939 1930 cuius
958 1889 996 1929 ex
1016 1871 1144 1932 Histrico
1167 1873 1255 1934 bello
1278 1893 1336 1932 me-

223 1983 353 2041 minisset
378 1995 431 2056 pro
453 1976 562 2036 Licinio
586 1977 700 2054 posuit,
725 1977 788 2036 siue
811 1975 920 2034 Ennius
956 1993 1007 2034 eas
1036 1975 1214 2038 defendendi
1240 1990 1335 2039 castra

223 2096 322 2166 partes
347 2083 380 2144 G.
405 2083 506 2156 Aelio,
535 2100 591 2142 uon
615 2082 724 2142 Licinio
745 2082 853 2160 tribuit.
899 2081 938 2139 At
962 2083 1081 2158 grauius
1109 2091 1155 2141 est
1185 2085 1269 2160 quod
1292 2087 1334 2163 cui

224 2194 409 2271 ascripsimus
431 2207 535 2247 uersus
557 2188 808 2268 duodeuicesimus
829 2187 940 2247 annalis
960 2188 1040 2270 nulla
1062 2167 1203 2248 librorum
1226 2177 1334 2251 rdemo-

223 2304 266 2360 ria
295 2298 429 2359 traditur:
463 2312 584 2374 quorum
611 2294 780 2354 Parisiensis
808 2293 837 2352 id
866 2294 943 2370 quod
971 2295 1040 2353 olim
1068 2295 1249 2370 uulgabutur
1270 2297 1331 2367 Xll,

223 2406 326 2465 relicui
341 2402 395 2462 XV
418 2401 567 2480 praebent.
612 2401 657 2461 De
681 2399 866 2472 duodecimo,
891 2395 1026 2476 quoniam
1049 2399 1117 2458 Xlll
1141 2409 1172 2459 et
1192 2400 1264 2460 xlv
1286 2420 1332 2460 au·

224 2513 306 2572 nales
326 2510 435 2569 bellum
457 2508 607 2582 Syriacum
631 2505 811 2585 occupabat,
834 2505 957 2580 cogitari
978 2505 1096 2583 nequit:
1118 2524 1219 2585 neque
1242 2509 1330 2583 magis
1374 2511 1375 2568 l

223 2617 359 2678 conuenit
378 2613 442 2688 XV,
469 2631 527 2690 quo
550 2614 634 2673 nobis
652 2612 742 2671 llarci
764 2596 925 2670 Fuluii‘res
944 2619 1083 2671 tractatas
1098 2611 1193 2672 luisse
1212 2631 1329 2692 persua·
1373 2623 1374 2668 l

222 2727 321 2784 simus.
371 2718 501 2798 Cumque
531 2719 598 2778 XVl
629 2729 659 2777 et
691 2715 772 2776 Xl⁷ll
800 2715 891 2776 libros
926 2715 1082 2794 probabile
1114 2719 1152 2776 sit
1189 2719 1218 2776 in
1253 2719 1329 2778 aunis
1372 2699 1373 2768 l

222 2827 390 2891 571-573
412 2834 545 2884 uersatos
568 2843 647 2900 esse,
671 2823 740 2884 nibil
763 2823 891 2882 relicuae
912 2821 1057 2881 annalium
1075 2823 1264 2901 dispositioni
1283 2821 1327 2882 ad·

223 2933 432 2996 commodatius
460 2939 506 2988 est
534 2949 619 3007 quam
644 2947 697 3009 pro
724 2927 779 2988 llll
808 2929 887 3005 (siue
915 2927 985 3007 XV)
1015 2930 1120 3007 reponi
1142 2929 1238 2990 XllX.
1285 2928 1325 2988 Gi.

223 3041 350 3100 llitterus
373 3038 392 3099 l.
416 3038 436 3096 l.
460 3055 489 3114 p.
510 3035 581 3097 388.
1369 3013 1370 3070 l

307 3144 428 3204 Restant
450 3152 604 3222 praeterea
627 3141 683 3200 duo
708 3142 791 3200 buius
811 3140 876 3200 libri
898 3141 1020 3200 frustula
1043 3140 1055 3201 l
1075 3151 1104 3200 et
1120 3141 1179 3217 lll,
1209 3159 1326 3224 qnorum

222 3256 280 3315 lnoc
302 3253 442 3311 incertum
464 3260 525 3324 est,
556 3250 625 3309 illud
644 3250 681 3308 ad
703 3256 799 3307 castra
819 3247 1014 3328 Romanorum
1036 3249 1062 3306 in
1083 3246 1249 3308 llistrorum
1271 3248 1325 3307 bui·

222 3362 276 3421 bus
300 3361 394 3438 posita
414 3355 599 3415 reterentum
620 3356 743 3415 uidetur.

671 3687 797 3748 GAPVT
822 3689 877 3750 Vll

306 3885 427 3947 'lantum
450 3885 487 3944 de
505 3881 588 3943 Ennii
619 3880 704 3959 poesi
726 3881 827 3957 epioe:
855 3897 940 3956 mem
966 3887 1085 3956 praeter
1105 3878 1229 3937 annales
1253 3875 1321 3954 epici

220 3997 339 4073 generis
365 3991 434 4053 nibil
461 3990 589 4050 edidisse
617 3986 690 4044 inira
716 3986 857 4044 euinoam
901 3985 940 4043 At
960 3987 988 4042 io
1007 3985 1126 4043 scenica
1149 3993 1215 4043 arte
1236 3982 1319 4043 multi·

221 4102 306 4180 pliois
325 4099 432 4176 ingenii
451 4105 540 4175 poeta
555 4093 727 4166 elaborauit,
748 4091 857 4168 dispari
864 4091 987 4168 ¹quidem
1005 4090 1102 4149 studio
1117 4107 1153 4148 ao
1168 4107 1317 4150 successu:

220 4207 334 4286 quando
362 4204 532 4280 tragoediae
564 4211 595 4260 et
626 4198 733 4259 multae
766 4198 834 4256 olim
869 4195 1147 4257 circumferebantur
1180 4207 1211 4256 et
1241 4195 1317 4254 multa
