2752 4944
501 391 743 463 nnnlovinn

172 680 304 774 Iamque
320 681 390 750 iere
410 679 522 772 puluis
539 679 581 748 ad
599 559 726 747 {dum
743 679 841 746 uasta
857 673 999 746 utimr.

592 809 652 880 XII

172 931 301 1002 Hastati
322 903 487 1022 spargunt
508 928 638 1011 hastas,
667 927 704 1000 lit
725 927 854 996 terreus
875 925 986 996 imber.

534 1069 542 1074 “
586 1059 661 1130 XIII

173 1181 363 1252 Densantur
382 1179 506 1272 campis
526 1177 694 1248 horrentia
712 1177 777 1247 tela
794 1174 951 1248 uirorum.

571 1307 652 1380 XIV
668 1307 684 1344 *

174 1426 314 1518 Serujus
339 1427 371 1496 in
395 1426 478 1496 Aen.
501 1429 573 1498 iso
603 1428 653 1498 ‘in
677 1427 783 1498 Ennio
810 1427 896 1496 enlm
921 1426 1085 1498 inducitur
1101 1427 1183 1521 lup-

68 1530 155 1620 piter
175 1530 371 1620 promittens
388 1529 547 1602 Romanis
567 1531 730 1600 excidium
747 1528 976 1623 Carthaginis!

580 1647 646 1718 XV
661 1646 676 1683 *

174 1765 335 1834 Romanis
352 1765 433 1834 Iuno
451 1767 559 1858 coepit
577 1767 705 1858 placata
726 1767 850 1836 fauere.

586 1898 667 1970 XVI

84 2023 148 2084 290
176 2015 331 2105 Amplius
350 2038 521 2108 exaugere
540 2017 673 2108 obstipo
692 2016 814 2086 lumine
836 2014 919 2086 solis

583 2145 678 2216 XVII

176 2263 272 2332 Nunc
291 2260 396 2332 hostis
414 2261 490 2332 uino
509 2264 622 2334 domiti
642 2285 827 2357 somnoque
846 2262 966 2354 sepulti

577 2393 686 2466 XVIII

176 2493 241 2562 Ast
264 2513 404 2564 occasus
426 2495 481 2564 ubi
503 2501 678 2590 tempusue
698 2499 820 2568 audere
843 2495 999 2588 repressit

75 2711 151 2758 quam
172 2709 332 2746 communem
352 2696 541 2762 imperatoriam
559 2701 640 2752 uoluit
660 2715 728 2751 esse:
753 2699 880 2749 hostem
899 2697 955 2760 qui
978 2694 1083 2743 ieriet
1105 2693 1188 2756 inquit

74 2765 156 2814 milri
185 2766 260 2814 erit’
286 2764 372 2828 (erit
397 2767 507 2830 inquii
531 2770 612 2819 mihi
631 2768 712 2832 Par.)
739 2765 1068 2832 ‘CarthagIniensis‚
1093 2763 1188 2824 quis-

74 2836 151 2897 quis
175 2835 250 2883 erit.
277 2832 366 2898 [Guins
379 2837 446 2886 enim
461 2837 581 2904 quisque]
594 2841 705 2889 ciuitatis
718 2840 760 2899 sit,
775 2839 803 2888 id
815 2837 908 2886 trabem
921 2834 999 2884 hodie
1012 2831 1068 2883 leue
1082 2840 1107 2882 et
1122 2846 1189 2882 sem-

75 2920 120 2970 per
136 2904 300 2954 habuerunt.’
327 2904 503 2968 (quisquis
526 2910 597 2958 erit.
622 2909 820 2958 cuiatissiet
847 2906 881 2955 iu
903 2905 1027 2954 habent
1049 2901 1188 2952 lrocleuc

73 2975 131 3023 Par.
148 2989 200 3024 ern.
215 2972 242 3024 G.
257 2971 387 3035 Halmius)
456 2976 493 3027 XI
512 2976 608 3028 Nonius
625 2995 651 3044 p.
668 2978 728 3036 217,
744 2977 774 3027 ll
796 2976 924 3042 ‘puluis
938 2973 1040 3040 generis
1054 2971 1188 3022 masculini

74 3051 100 3092 ut
110 3059 201 3109 saepe.
217 3041 341 3091 Feminini
352 3043 448 3095 Ennius
459 3045 503 3095 lib.
517 3048 576 3096 VIII
588 3048 717 3098 annalium
729 3083 735 3095 .
746 3083 752 3094 .
763 3047 782 3095 .'
853 3045 901 3093 XII
916 3040 1119 3093 llsoroqusSai.
1128 3041 1187 3090 VII

76 3129 101 3177 p.
110 3114 162 3165 504
174 3113 233 3161 Ian.
247 3114 293 3178 fac
305 3110 403 3162 lerneus
414 3113 510 3180 ingruit
523 3117 613 3166 imber.
635 3113 836 3182 [uomitusue]
856 3114 952 3163 Ennius
965 3112 991 3162 in
1003 3119 1093 3162 octauo
1107 3113 1154 3159 ...'

108 3183 172 3232 XIII
192 3181 337 3230 Priscianus
348 3182 384 3230 IX
393 3199 419 3247 p.
428 3183 513 3235 8669.
524 3186 549 3250 (Ι
561 3184 698 3250 pluuii.)
716 3184 825 3236 ‘denseo
838 3184 930 3234 denses
944 3190 968 3232 et
983 3182 1083 3231 denso
1096 3181 1189 3230 denses

157 3267 173 3300 a
191 3250 270 3299 denso
289 3249 385 3300 Ennium
399 3253 426 3302 in
446 3255 507 3304 VIII
525 3255 654 3305 annalium
675 3256 731 3304 ...'
755 3255 834 3320 (·UII·
848 3251 942 3318 sang.)
1012 3251 1061 3300 XV
1084 3249 1190 3300 Seruius

77 3323 101 3369 in
117 3323 183 3370 Aen.
200 3321 210 3369 I
224 3318 273 3370 281
297 3321 419 3373 ‘consilia
430 3324 457 3372 in
469 3323 561 3374 melius
574 3321 678 3375 reseret:
705 3324 765 3387 quia
779 3324 846 3374 bello
858 3323 953 3372 Punico
967 3320 1095 3380 secundo,
1115 3327 1142 3369 ut
1155 3320 1191 3368 ait

77 3391 189 3448 Ennius,
218 3389 450 3454 placataluno
474 3396 623 3459 coeperit
644 3394 756 3444 iuuere
775 3393 946 3443 Romanis!
1015 3390 1076 3439 XVI
1101 3389 1190 3438 Festus

77 3475 102 3525 p.
121 3458 172 3510 193
186 3459 220 3508 M.
242 3457 419 3510 ‘obstitum
438 3462 579 3525 obliquum.
608 3464 705 3513 Ennius
723 3464 740 3512 l.
753 3463 827 3512 XVI:
851 3460 932 3526 [XIII]
950 3467 975 3508 et
992 3460 1018 3508 in
1034 3461 1051 3507 l.
1066 3459 1126 3506 VIII
1142 3460 1189 3506 ...'

145 3527 221 3578 XVII
238 3527 448 3580 Macrobius-Sat.
466 3533 501 3580 VI
516 3532 528 3581 l
545 3523 634 3597 11:500
646 3533 705 3582 Ian.
724 3532 865 3582 ‘Inuadunt
877 3531 966 3580 urbem
977 3542 1066 3578 somno
1079 3529 1191 3590 uinoque

78 3597 225 3665 sepultam)
248 3595 325 3662 [Aen.
341 3600 363 3649 II
377 3599 439 3666 265]
462 3602 559 3652 Ennius
572 3603 598 3650 in
613 3610 703 3652 octauo
719 3604 772 3652 ...'
843 3601 930 3651 XVIII
945 3600 1035 3650 Festus
1048 3613 1074 3664 p.
1093 3596 1141 3646 1⁷8
1155 3597 1189 3646 II.

78 3773 151 3830 Med.
173 3773 231 3828 ab
316 3791 415 3828 somno
434 3773 510 3831 Meu.
540 3791 678 3832 summam
698 3775 809 3833 Merula
915 3774 967 3832 usi
989 3770 1106 3826 hastatis
1128 3785 1191 3842 per-

81 3885 149 3952 gunt
158 3878 233 3937 Med.
245 3897 281 3934 m.
293 3897 343 3954 pr.
434 3885 488 3940 288
506 3855 655 3938 deussitur
666 3880 737 3953 Rep.
822 3876 1049 3950 horentialupd.
1064 3857 1192 3932 hoiantia

80 3963 150 4036 Rap-
255 3969 307 4026 289
327 3965 530 4022 chametrum
540 3967 665 4038 praeiuit
682 3964 733 4021 Tlr.
745 3963 864 4037 Hupius.
882 3967 967 4018 metro
980 3962 1066 4018 soluto
1082 3963 1193 4032 placate

81 4049 150 4104 luno
164 4050 289 4120 coeperit
304 4051 399 4106 lauere
410 4051 546 4107 Romanis
559 4050 675 4107 Seruius
779 4052 832 4108 290
852 4048 961 4118 obstipo
977 4047 1080 4102 lumine
1091 4045 1125 4101 Α.
1136 4043 1192 4101 Au-

80 4135 213 4205 pustinus.
229 4135 434 4206 obstipolumue
449 4134 510 4190 cod.
616 4139 667 4192 291
682 4132 772 4188 hostis
789 4132 878 4206 Neup.
893 4132 989 4187 hostes
1005 4132 1089 4185 ceteri

81 4221 141 4358 m
152 4217 348 4360 aspssolamnc.
368 4226 415 4276 aut
429 4220 490 4275 cod.
577 4218 681 4274 audere
704 4217 851 4290 repressit]
878 4215 918 4290 cf.
940 4215 1136 4273 Lachmannus
1156 4215 1195 4270 ad

141 4319 169 4358 r·
246 4307 299 4364 me
