2752 4944
632 367 867 426 snnrmvu
969 345 973 358 '

702 533 808 604 XXIII

299 659 384 728 Dum
405 656 534 726 clauum
559 657 682 725 reulum
702 659 830 722 teneam
854 671 1038 741 nauemque
1060 649 1244 741 gubernem

698 787 812 858 XXIV

300 909 397 982 Haud
421 912 543 979 temere
566 911 618 978 esl
641 905 730 999 quod
750 909 785 973 lu
805 903 889 974 tristi
913 926 988 972 cum
1010 901 1110 971 corde
1132 899 1304 991 gubernas.

302 1145 411 1216 Fortis
429 1144 586 1230 Romani,
611 1040 809 1238 quambiiirM
832 1142 945 1212 caelus
966 1141 1153 1232 profundus
1215 1137 1218 1148 '

211 1395 276 1454 475
304 1384 448 1474 Impetus
468 1383 548 1452 haul
568 1384 670 1478 longe
690 1280 811 1453 nisibi}
825 1379 1019 1473 regionibus
1040 1380 1154 1447 reslat.

302 1623 437 1693 Labitur
455 1627 553 1692 uncta
571 1519 927 1715 eariuafflbluom
949 1642 1032 1690 cana
1052 1617 1187 1686 celocis.

685 1759 827 1830 XXVIII

305 1875 387 1946 Cum
404 1899 528 1968 magno
547 1875 684 1967 strepitu
709 1875 896 1945 Volcanum
917 1878 1038 1944 uentus
1061 1874 1219 1967 negebal.

303 2113 527 2184 Brundusium
545 2114 660 2206 pulcro
680 2011 901 2208 piabiiictum
918 2115 1076 2205 praepete
1095 2116 1238 2224 portusl.

201 2329 246 2363 uos
262 2327 328 2362 nunu
340 2313 484 2374 terminum,
500 2314 549 2364 boo
563 2315 653 2365 morlo:
674 2316 808 2382 ingenli'
829 2331 851 2365 e.
864 2332 889 2379 q.
901 2331 922 2366 s.
943 2318 996 2363 ‘et:
1018 2313 1206 2365 hortulore'
1223 2331 1245 2364 e.
1256 2329 1278 2376 q.
1289 2328 1305 2359 s·

269 2382 356 2432 XXIII
380 2383 493 2437 Isidorus
509 2383 579 2452 Orig.
594 2385 686 2434 XIX2
713 2385 840 2435 ‘clauus
861 2393 899 2435 est
919 2399 969 2450 quo
985 2384 1081 2449 regitur
1098 2383 1306 2450 gubernaculum:

201 2452 234 2501 de
252 2466 301 2514 quo
320 2451 417 2501 Ennius
438 2455 490 2504 ...'
520 2453 691 2512 Quintillanus
706 2455 729 2503 II
746 2455 787 2514 17,
801 2455 838 2504 24
862 2458 935 2506 ‘uam
957 2461 982 2503 et
1001 2453 1158 2519 gubernator
1175 2455 1231 2503 uult
1244 2451 1307 2502 salua

201 2522 312 2570 naue-in
331 2529 432 2586 portum
453 2525 601 2589 peruenire3
625 2525 648 2573 si
668 2532 751 2574 tamen
766 2532 917 2590 tempestate
931 2523 1008 2573 luerit
1027 2523 1162 2588 abreptus,
1188 2539 1238 2573 non
1257 2521 1306 2571 ideo
1361 2579 1362 2596 χ

201 2592 285 2642 minus
299 2592 347 2641 erit
359 2592 529 2658 guberuator,
549 2593 667 2658 dicetque
680 2601 767 2644 notum
781 2594 862 2644 illud:
883 2594 953 2644 dum
974 2592 1100 2642 clauum
1121 2602 1250 2643 rectum
1266 2600 1307 2639 te·
1361 2609 1362 2626 2

201 2661 306 2710 neam!
378 2661 465 2712 XXIV
477 2662 789 2714 SeruiusiuAeu.IX3·29
805 2668 938 2714 ‘temere
952 2699 973 2712 ..
984 2698 1006 2711 ..
1020 2661 1149 2728 siguificat
1161 2664 1218 2714 sine
1230 2675 1305 2712 causa.

201 2731 298 2780 Ennius
318 2732 373 2780 ...'
444 2729 518 2782 XXV
537 2731 636 2782 Nouius
656 2748 683 2799 p.
703 2731 761 2791 197,
781 2731 798 2782 8
820 2734 960 2784 ‘osclum
981 2739 1079 2783 neutro.
1104 2729 1306 2784 masculinoLu-

201 2801 294 2850 oretius
377 2800 458 2850 Varro
476 2801 630 2852 ...Ennius
648 2804 704 2850 ...'
739 2801 942 2868 Charisiuslp.
957 2803 991 2852 55
1006 2801 1034 2852 P.
1053 2800 1102 2866 (40
1114 2799 1209 2866 Lind.)
1230 2806 1307 2851 ‘une-

202 2870 264 2918 lum
283 2869 333 2920 hou
351 2885 409 2918 uum
428 2871 461 2919 sit
478 2879 612 2932 neutrum,
637 2873 713 2922 otiam
732 2873 872 2924 musculiue
891 2881 991 2923 ueteres
1006 2870 1138 2929 diuorum,
1165 2880 1191 2922 et
1204 2870 1305 2922 Ennius:
1361 2854 1362 2896 l

202 2953 277 3002 quom
293 2937 386 2989 Caelus
399 2941 496 3005 genuit.
533 2941 610 2990 Item:
629 2944 798 3005 quamquum’
818 2957 840 2991 e.
856 2959 880 3006 q.
897 2958 918 2991 s.
938 2941 1034 3007 (item
1048 2948 1094 3004 qq
1111 2940 1153 3008 (h.
1167 2958 1191 2990 e.
1210 2953 1308 3006 quum-

201 3005 311 3072 quum)
331 3007 388 3058 coti.
409 3009 485 3059 item
505 3025 630 3074 quoque
649 3009 743 3076 uulgo)
812 3011 899 3061 XXVI
923 3009 1012 3060 Festus
1029 3027 1056 3078 p.
1071 3010 1123 3061 285
1138 3009 1173 3060 M.
1200 3015 1308 3060 ‘restet

201 3091 248 3142 pro
262 3076 340 3126 distat
355 3079 390 3127 ait
404 3075 533 3146 [Verrius]
551 3079 660 3130 Ennium
675 3095 785 3146 ponere,
808 3096 865 3130 cum
885 3081 908 3130 is
926 3079 1006 3130 dicut:
1033 3073 1199 3146 Impetus''e.
1219 3097 1242 3144 q.
1256 3094 1276 3126 s.

227 3143 333 3224 ‘XXVII
352 3147 465 3198 Isidorus
481 3147 550 3215 Orig.
567 3149 629 3200 XIX
644 3152 657 3200 l
681 3149 840 3199 ‘celoces'
855 3149 1004 3216 (colones
1019 3147 1111 3216 uulgo)
1133 3152 1214 3212 ‘quas
1229 3144 1307 3199 Graeci

202 3214 318 3278 κελητας
337 3225 429 3265 uocant
443 3218 470 3268 id
483 3227 521 3268 est
536 3219 637 3269 uelooes
652 3219 762 3269 biremes
779 3220 821 3268 uel
834 3220 949 3270 triremes
964 3219 1047 3284 agiles
1059 3228 1085 3269 et
1098 3218 1132 3268 ad
1146 3217 1306 3268 ministerium

201 3292 285 3350 aptae.
312 3285 468 3336 Ennius...'
508 3287 654 3338 Thesaurus
678 3303 737 3340 nou.
764 3288 819 3337 Lat.
847 3287 893 3354 (A.
914 3287 965 3338 Mai
983 3298 1050 3341 suot.
1070 3287 1146 3338 class.
1168 3289 1230 3338 VIII
1252 3280 1306 3344 174)

118 3419 124 3423 Π
202 3353 309 3404 ‘celox
329 3353 371 3404 uel
390 3355 485 3406 oelonis
507 3355 584 3408 uelox
607 3358 699 3408 dicitur
720 3359 803 3408 nauis.
838 3357 935 3408 Ennius
958 3359 1010 3408 ...'
1088 3357 1202 3407 XXVIII
1228 3357 1307 3406 Festus

201 3440 227 3490 p.
242 3422 292 3475 153
301 3423 335 3474 Μ.
347 3423 529 3492 (metonymia)
542 3430 570 3478 ‘a
580 3429 711 3492 superlore
723 3427 837 3488 inlerior,
847 3434 875 3476 ut
883 3427 980 3478 Ennius
992 3465 998 3476 .
1008 3463 1014 3478 .
1024 3427 1045 3477 .'
1117 3425 1207 3476 XXIX
1221 3425 1307 3478 Gellius

241 3601 294 3657 sm
317 3599 381 3655 dum
413 3597 603 3666 Quintilianus.
633 3607 662 3655 ut
687 3599 814 3656 Isidorus
898 3607 1007 3655 teneam
1030 3617 1082 3656 am.
1105 3601 1196 3673 Guals.
1220 3621 1238 3657 a
1261 3599 1305 3655 Isi·

200 3685 264 3739 dori
347 3699 503 3755 nouemque
519 3683 579 3739 Zill.
600 3685 690 3756 Guels.
706 3701 724 3739 a
739 3685 764 3739 b.
785 3685 935 3758 nauimque
954 3686 1036 3758 uulyo
1143 3690 1197 3744 473
1219 3683 1306 3749 corde]

159 3771 167 3778 '
201 3775 293 3824 mente
316 3771 349 3824 ‘e
371 3768 468 3824 Seruio
488 3767 626 3825 Danielis'
651 3767 762 3824 Merula
869 3773 923 3828 474
945 3771 1063 3825 Romani
1082 3777 1144 3826 sunt
1161 3770 1272 3826 Merula

242 3855 321 3936 celus
339 3854 399 3908 cad.
417 3851 538 3909 C'lturisr'i
620 3869 789 3924 quamquam
811 3872 900 3910 cauus
923 3855 1018 3910 caelus
1041 3855 1199 3928 profundus
1218 3855 1256 3910 H.
1276 3853 1307 3908 Il·

199 3938 308 4010 beryius
334 3945 361 3994 el
390 3936 439 3992 Tb.
467 3936 576 4009 Huyitrs
680 3942 732 3996 475
755 3939 823 3994 haut
846 3939 878 3996 0.
900 3939 1059 3995 Muellerus.
1086 3947 1133 3995 aut
1156 3941 1216 3994 cod.
1240 3935 1307 3995 haud

203 4023 346 4079 Turnebus
361 4023 433 4078 Adu.
449 4020 533 4077 XIII
543 4027 588 4081 25.
611 4030 654 4078 ast
674 4023 798 4095 Scaliyer
903 4027 956 4083 476
978 4031 1079 4079 cunule
1102 4025 1161 4080 Zitt.
1185 4025 1305 4097 Guels.a

198 4107 304 4164 Isidori
387 4125 439 4180 per
460 4123 639 4179 aequoraque
660 4109 715 4162 alta
739 4107 900 4164 Thesaurus
985 4111 1092 4164 eelonIs
1114 4111 1188 4181 nula.
1204 4108 1305 4170 Isidori,

201 4193 362 4250 Thesaurus
467 4195 521 4251 477
551 4193 704 4248 Volcanum
736 4193 795 4249 cod.
882 4195 1003 4265 uegebal
1032 4194 1165 4266 Soatraar.
1198 4197 1305 4272 uegeral

198 4278 261 4335 cod.
368 4281 422 4340 478
435 4277 624 4334 Brundusium
642 4280 763 4335 iunioras
774 4277 852 4334 codd.
875 4276 1044 4357 Braundisiii
1067 4278 1127 4335 Vol.
1216 4281 1303 4353 pulcro
