2784 4940
204 355 279 400 xxx
604 347 911 415 thusutonss

204 517 367 586 septingenti
391 522 458 570 curri
475 516 563 586 poulo
583 518 651 588 ptus
676 525 724 574 out
747 521 933 588 minuamini,
957 519 1078 592 Augusto
1099 524 1218 594 cupatrio
1237 529 1327 592 poet-

205 639 288 692 quom
318 622 410 676 inclito
440 621 549 676 rumara
585 621 753 692 Romaest,
787 639 862 700 quae
891 639 955 682 cnm
981 621 1069 700 uulgo
1098 624 1152 701 ipsi
1178 621 1329 682 conditae

209 723 287 784 urbis
311 724 467 784 narrationi
489 722 677 802 subiciantur,
701 737 824 806 propter
845 729 958 788 nimiam
986 727 1201 806 ambiguitatem
1231 729 1329 788 malui

209 831 238 890 in
261 831 380 890 incertis
403 828 572 906 fragmentis
594 833 667 910 (inc.
688 835 751 896 sed.
775 834 867 913 Xbll)
886 833 1001 913 adponi.
1039 832 1092 894 llla
1105 834 1192 911 igitur
1202 843 1329 912 tempo-

212 954 273 996 rum
295 935 492 1014 descriptione
521 945 610 1016 poiita
639 940 760 1018 amplius
786 941 906 1003 saeculo
933 959 949 1001 a
976 951 1097 1020 receptu
1121 939 1331 1000 Romanorum

215 1043 426 1103 consuetudine
449 1044 576 1106 recedit:
598 1047 675 1124 quod
697 1065 733 1106 ne
755 1049 819 1127 quis
841 1049 1014 1124 ignorationi
1032 1059 1080 1108 aut
1109 1047 1331 1125 neglegentiae

209 1149 314 1208 eruditi
338 1137 444 1228 po'c‘tae
466 1151 639 1228 ascriberet,
664 1152 838 1215 Niebuhrius
858 1153 930 1214 llist.
957 1154 1040 1214 Rom.
1056 1154 1069 1215 l
1088 1173 1116 1234 p.
1134 1155 1195 1214 300
1211 1164 1247 1214 et
1263 1154 1332 1214 315

209 1256 319 1334 duplici
342 1257 509 1336 explicandi
529 1261 641 1320 ratione
664 1263 815 1341 proposita
835 1263 920 1322 cauit.
958 1260 1071 1322 Etenim
1089 1261 1210 1322 Ennium
1230 1261 1331 1337 cycli-

210 1379 264 1422 cos
286 1380 376 1422 annos
395 1363 422 1424 h.
440 1383 466 1424 e.
491 1368 539 1444 qni
562 1366 700 1428 denorum
722 1369 861 1430 mensium
884 1377 984 1428 essent
1003 1367 1118 1430 calculo
1138 1366 1331 1442 adhibuisse,

211 1470 346 1548 quoniam
375 1474 552 1550 septingenti
582 1474 686 1548 cyclici
720 1474 784 1534 lere
815 1477 1035 1553 quingentorum
1072 1477 1223 1553 octoginta
1264 1475 1331 1535 uul-

211 1578 322 1654 garium
356 1595 503 1640 nnmerum
533 1590 712 1660 exaequant:
748 1591 795 1642 aut
824 1601 861 1644 ex
888 1585 1021 1661 ‘antiqua
1049 1583 1172 1643 lormula
1200 1582 1330 1642 Latina*

109 1767 113 1774 Ἴ
212 1694 361 1746 trecentos
397 1667 513 1766 triginta
544 1697 606 1748 tres
637 1705 728 1749 annos
762 1690 837 1750 iuter
862 1689 968 1750 Troiae
1002 1689 1108 1750 exitum
1145 1699 1175 1750 et
1209 1691 1333 1750 initium

214 1790 324 1853 Romae
358 1803 544 1874 computasse
574 1795 754 1874 opinabatur.
812 1796 851 1856 At
883 1796 961 1859 illam
991 1797 1146 1858 deliniendi
1179 1799 1333 1875 temporis

214 1899 354 1961 rationem
384 1899 467 1964 Ennii
500 1912 596 1964 aetate
632 1904 778 1964 exoletam
807 1907 921 1964 omuino
957 1909 985 1966 in
1013 1923 1094 1964 usum
1125 1921 1238 1962 uocare
1270 1921 1331 1962 non

215 2006 323 2068 debuit.
370 2007 465 2070 Varro
498 2010 613 2089 quidem
646 2028 710 2072 curu
736 2010 968 2091 reprehenderet
1000 2009 1138 2085 Ennium,
1175 2025 1238 2068 non
1274 2011 1332 2068 nisi

214 2114 251 2176 dc
280 2117 362 2176 annis
395 2117 593 2178 communibus
624 2118 785 2178 sentiebat:
822 2137 917 2198 neque
946 2136 1018 2194 uero
1053 2117 1117 2177 aliis
1145 2133 1226 2175 usum
1258 2133 1331 2176 esse

218 2229 335 2301 poitan
367 2221 545 2284 Censorinus
580 2221 617 2283 de
648 2223 697 2284 die
731 2233 787 2285 nat.
823 2243 848 2284 c.
882 2224 919 2284 19
955 2242 983 2303 p.
1014 2225 1054 2284 57
1078 2222 1163 2284 Jahn.
1197 2231 1332 2283 testatur

218 2331 290 2408 (inc.
317 2329 367 2390 lib.
398 2328 569 2410 XXXVll):
602 2333 655 2390 hoc
684 2343 789 2408 tompus
815 2333 873 2410 (sc.
905 2333 1010 2410 annus)
1033 2340 1099 2408 quoi
1121 2334 1228 2388 dierum
1259 2340 1333 2389 esset

217 2442 257 2496 ud
280 2448 383 2498 eertum
405 2443 524 2500 nondum
551 2444 684 2516 astrologi
705 2445 833 2515 reperire
854 2447 1011 2515 penserunt.
1054 2441 1197 2496 Philolaus
1216 2455 1331 2496 anuum

94 2568 97 2576 ·
215 2550 372 2604 naturalem
411 2551 468 2605 dica
499 2550 602 2606 habere
631 2550 755 2622 prodidit
773 2545 945 2606 ccccxli]
969 2586 975 2600 .
999 2587 1005 2600 .
1029 2589 1035 2602 .
1061 2587 1067 2602 .
1090 2553 1121 2602 ct
1146 2549 1242 2600 umtcr
1268 2547 1330 2601 En-

217 2658 280 2712 ru'uo
296 2655 416 2713 CCCLX
420 2655 469 2713 Vl.
515 2650 560 2713 Gi.
589 2652 621 2713 E.
651 2651 780 2714 Rittems
809 2650 901 2712 linaei
925 2650 1026 2730 philol.
1050 2650 1077 2712 ll
1103 2667 1132 2729 p.
1155 2645 1227 2708 482.
1279 2648 1330 2709 Al-

98 2807 107 2828 p
216 2767 279 2819 tera
300 2757 450 2820 Niebuhrii
472 2761 557 2836 ratio,
582 2777 665 2841 quam
688 2760 894 2840 simpliciorem
917 2759 982 2838 ipse
1014 2757 1183 2832 arbitratur,
1215 2767 1264 2836 nt,
1285 2769 1331 2819 est

218 2865 379 2945 simplicior
400 2884 436 2927 ac
458 2865 639 2945 probabilior
660 2867 708 2928 uel
736 2884 792 2943 eo,
823 2866 900 2946 qnod
928 2867 953 2924 is
982 2872 1178 2924 trecentorum
1205 2866 1328 2943 triginta

136 2945 143 2963 .
219 2974 303 3032 trium
327 2990 464 3034 annorum
486 2992 620 3034 numerus
642 2973 708 3036 huic
732 2983 839 3054 potitae
859 2974 974 3033 minime
996 2971 1154 3050 peculiaris
1177 2982 1264 3032 esset
1287 2975 1329 3033 iu·

220 3089 317 3156 turus,
354 3080 392 3140 ita
419 3098 456 3140 ne
486 3079 597 3141 leniora
623 3083 758 3159 attingam
788 3085 851 3162 ipsa
876 3079 959 3140 Ennii
990 3081 1074 3158 poesi
1101 3077 1265 3138 euertitur:
1307 3083 1329 3139 si

219 3186 334 3266 quidem
363 3205 463 3248 uerum
493 3196 554 3263 est,
586 3190 664 3267 qnod
693 3207 779 3270 snpra
808 3189 973 3262 statuimus,
1008 3185 1159 3245 Romulum
1184 3197 1329 3263 nepotem

220 3293 310 3354 luisse
332 3294 452 3356 Aeneae
474 3311 530 3355 nec
552 3297 673 3375 mnplius
696 3297 900 3376 quinquaginta
921 3296 1003 3355 annis
1025 3293 1060 3354 ab
1079 3294 1193 3352 interitu
1216 3289 1330 3355 Troiae

221 3401 331 3461 Romae
351 3404 491 3480 originem
512 3399 630 3463 aluisse.
674 3403 713 3463 Vt
732 3403 819 3481 igitur
840 3401 959 3477 Ennius,
983 3418 1040 3480 qno
1059 3401 1123 3461 anni
1146 3401 1330 3479 septingenti

220 3508 423 3585 efficerentur,
457 3508 567 3570 Romae
596 3509 675 3570 urbis
699 3511 777 3570 initia
806 3527 841 3568 ne
871 3524 944 3568 raro
964 3509 1078 3586 quidem
1108 3509 1156 3568 uel
1183 3511 1330 3586 singulari

221 3616 357 3695 exemplo
380 3618 407 3676 in
426 3615 520 3676 medio
543 3617 662 3677 saeculo
688 3633 765 3677 nono
796 3616 943 3695 posuerit,
975 3633 1011 3674 ne
1032 3615 1075 3674 sic
1102 3615 1217 3694 quidem
1244 3629 1329 3679 ratus

221 3723 257 3782 ab
278 3723 353 3781 omni
377 3732 459 3801 parte
480 3723 609 3784 calculus
632 3723 737 3784 euadit.
782 3721 994 3784 Eratosthenes
1017 3722 1092 3781 enim
1122 3739 1186 3782 oum
1207 3719 1329 3786 Troiam

222 3840 334 3909 captam
357 3849 424 3890 esse
441 3850 467 3890 a.
485 3829 565 3892 1184
582 3849 607 3891 a.
629 3828 696 3891 (ihr.
714 3851 741 3890 n.
760 3829 975 3902 constituisset,
1000 3827 1078 3888 illum
1102 3829 1126 3888 si
1146 3830 1331 3908 sequebatur

222 3934 347 4012 Ennius,
377 3953 560 4015 consequens
583 3935 708 3996 cstinde
732 3935 768 3996 ab
791 3955 827 3999 eo
850 3945 982 4015 tempore
1005 3935 1040 3994 ad
1065 3941 1172 4014 potitae
1200 3946 1330 3998 oetatem

223 4059 279 4100 non
299 4043 500 4122 septingentos
522 4042 575 4103 sed
596 4043 675 4104 mille
702 4044 819 4104 circiter
848 4059 938 4102 annos
966 4043 1181 4117 intercessisse.
1221 4041 1329 4123 Neque

224 4158 318 4208 tumen
348 4149 488 4210 credibile
515 4160 561 4210 est
586 4167 681 4210 rernm
703 4150 877 4211 Graecarum
910 4149 1112 4228 peritissimum
1142 4157 1259 4227 poetam
1293 4151 1329 4212 ab

224 4255 419 4317 Eratosthene
449 4267 535 4335 atque
562 4257 637 4318 odeo
657 4257 711 4317 iam
735 4265 801 4318 ante
825 4255 1048 4316 Eratosthenem
1075 4254 1197 4317 ub-aliis
1218 4257 1328 4317 consti·
