2752 4944
486 384 717 440 ENNIANAE
1068 395 1155 444 xottl

36 551 233 628 repetiuerit‚
261 558 357 608 tameo
385 569 443 610 non
469 557 526 608 tam
554 549 645 608 Siculi
674 547 888 626 philosophiam
910 567 995 627 quam
1022 569 1085 612 eam
1108 557 1154 613 cui

38 656 95 714 ille
122 673 158 714 se
189 655 340 714 addixerat
362 655 573 733 Pythagoream
602 663 731 714 sectatus
761 663 815 714 est.
860 655 974 714 Etenim
1001 657 1068 718 huic
1093 659 1154 737 phi·

37 761 217 839 losophiue‚
241 779 325 839 quarn
341 759 461 820 Romani
481 762 636 839 antiquitus
658 768 807 838 receptam
830 762 987 822 studiosius
1006 762 1153 840 colebant,

37 867 154 926 Ennius
177 885 311 946 quoque,
341 868 419 946 quod
446 866 596 927 exordium
623 865 766 926 annalium
792 868 904 943 arguit,
937 869 1097 946 praecipue
1121 888 1155 928 se

37 974 176 1034 dederat.
220 972 284 1046 Qus
306 990 339 1031 re
359 989 416 1030 non
440 991 498 1052 quo
520 975 681 1050 argumenti
711 973 853 1049 originem
882 972 1039 1047 indicaret,
1069 991 1154 1051 quam

38 1078 122 1156 quod
145 1077 336 1156 Epicharmus
359 1078 482 1138 eximius
500 1079 623 1138 scholae
645 1078 848 1156 Pythagoreue
877 1087 1006 1138 sectator
1029 1077 1154 1140 haheba-

38 1192 107 1258 tur,
141 1182 200 1242 hoc
237 1184 264 1242 ei
299 1184 416 1242 carmini
449 1201 554 1244 nomeu
588 1186 744 1264 inscripsit
795 1182 840 1243 ct.
874 1183 905 1242 h.
937 1182 974 1242 V.
1006 1183 1155 1244 Schmidtii

38 1292 167 1362 Quaest.
190 1287 295 1366 Epich.
316 1305 344 1366 p.
367 1287 417 1346 53.
462 1287 547 1360 Quae
569 1290 636 1351 mihi
662 1292 804 1350 sententio
833 1280 870 1348 e'o
891 1290 983 1365 magis
1003 1289 1153 1366 probatur,

37 1413 108 1454 cum
130 1392 240 1452 Ennius
271 1394 299 1450 iu
324 1392 382 1452 hoc
410 1396 537 1456 carmine
566 1395 786 1475 Epicharmum‚
819 1396 882 1454 siue
912 1395 937 1452 is
965 1395 1155 1456 interlocutor

36 1501 97 1559 tuit
126 1500 191 1558 siue
217 1517 289 1558 uuus
318 1501 411 1558 omniu
439 1499 612 1580 disputauit‚
642 1503 809 1580 loquentem
839 1502 971 1562 uideatur
997 1501 1155 1560 induxisse.

36 1605 107 1664 lloc
130 1606 208 1664 euim
225 1605 354 1664 indicare
376 1604 444 1664 mihi
465 1605 561 1665 Varro
580 1609 659 1666 uisus
681 1617 744 1682 est,
767 1609 814 1685 qui
840 1608 877 1668 de
896 1607 927 1666 h.
948 1608 980 1668 t.
1010 1607 1035 1665 V
1056 1609 1096 1668 59
1115 1608 1154 1668 ll.

39 1713 80 1772 de
111 1711 171 1771 hoc
210 1713 335 1772 carmine
371 1718 463 1787 tuque
494 1713 584 1790 inquit
616 1719 804 1790 Epicharmus
841 1719 876 1772 de
909 1725 997 1773 mente
1034 1718 1155 1774 humanu

39 1823 108 1876 dicit
130 1815 173 1894 (V
175 1815 204 1896 l)
227 1825 257 1876 et
278 1816 304 1873 V
326 1815 366 1876 68
388 1815 426 1875 hl.
447 1821 511 1877 lu'rrc
533 1824 721 1896 Epicharmus
742 1827 818 1880 Enni
831 1825 1032 1896 Ptoscrpincm
1052 1837 1158 1895 quoquc

40 1927 170 1998 adpcttnt
191 1921 300 2002 (Vlll).

130 2027 175 2086 Eo
194 2026 285 2103 libro,
313 2045 399 2106 quem
429 2037 517 2106 poeta
544 2029 743 2091 Euhemeri
773 2036 887 2092 nomine
913 2031 1078 2108 insiguiuit,
1098 2028 1155 2088 Eu·

40 2135 174 2210 hemeri,
195 2130 309 2211 quode
340 2131 506 2194 llrahnerus
536 2137 572 2196 de
598 2140 693 2198 causis
722 2153 799 2198 corr.
830 2139 915 2215 relig.
944 2134 1028 2194 Rom.
1057 2152 1085 2212 p.
1114 2133 1154 2194 37

40 2250 182 2300 accurate
215 2239 387 2317 disputanti,
421 2257 566 2300 sucrum
600 2243 807 2320 historiam,
842 2253 871 2303 ut
901 2242 1007 2302 Cicero
1036 2242 1075 2300 nit
1103 2240 1156 2317 (de

41 2357 103 2406 nat.
127 2347 211 2406 deor.
232 2344 245 2403 l
267 2344 318 2419 42,
342 2345 433 2425 119),
457 2347 677 2426 ‘interpretetus
698 2360 728 2410 et
750 2359 868 2410 secutus
895 2351 961 2408 est.'
1005 2345 1156 2425 Reliquias

40 2451 111 2511 inde
136 2453 218 2512 unius
240 2451 379 2512 lactantii
402 2468 579 2528 paganorum
609 2457 732 2534 ineptius
762 2456 927 2517 confutandi
950 2453 1071 2514 studium
1093 2471 1155 2512 ser·

41 2559 142 2634 uouit,
166 2557 232 2616 stilo
257 2556 386 2637 pedestri
409 2567 561 2634 exaratus,
584 2560 637 2619 sed
659 2563 698 2620 ita
731 2571 760 2620 ut
787 2562 904 2620 multum
930 2558 1090 2620 abhorrere
1119 2558 1155 2618 oh

42 2671 144 2722 aetate
162 2662 246 2722 Ennii
268 2663 435 2740 uideantur,
459 2681 545 2741 quem
570 2683 627 2744 ego
657 2685 744 2746 prosa
774 2667 906 2726 oratione
938 2665 1052 2724 omnino
1074 2683 1155 2724 usum

43 2788 113 2828 esse
136 2769 255 2828 diflicile
275 2771 444 2830 concedam.
489 2769 521 2829 ln
540 2790 597 2850 qna
617 2791 705 2833 ceusu
724 2771 793 2832 nihil
808 2787 863 2830 nos
873 2770 1013 2830 Varronis
1033 2770 1102 2830 loco
1117 2769 1153 2830 de

42 2894 76 2935 re
100 2876 210 2936 rustica
232 2875 245 2934 l
267 2874 307 2936 48
329 2875 511 2952 adunemur,
532 2878 608 2956 apud
631 2897 717 2958 quem
745 2895 802 2938 uon
832 2876 910 2956 quod
936 2875 1107 2954 uulgahatur
1128 2882 1155 2934 iu

42 2986 199 3040 Euhemeri
214 2985 347 3056 uersibus,
361 2980 414 3040 sed
430 2987 456 3040 iu
468 2986 620 3042 Euhemeri
634 2990 709 3044 libris
726 2992 815 3044 uersis
835 2985 933 3063 optimi
951 2984 1017 3043 libri
1031 2984 1156 3044 auctori·

43 3096 104 3146 tate
122 3087 315 3146 confirmetur.
333 3084 378 3146 Gi.
392 3087 616 3148 Politiuuillisc.
632 3108 658 3148 c.
671 3090 721 3150 35.
746 3089 819 3149 Eum
830 3097 925 3150 autern
940 3103 1056 3146 uersum
1071 3102 1157 3164 quem

44 3190 108 3247 siue
127 3188 193 3248 libri
215 3190 320 3251 iudicio
335 3192 446 3253 Nouius
465 3214 494 3273 p.
512 3193 592 3269 216,
616 3193 656 3254 29
674 3197 772 3255 citauit
796 3195 886 3273 (Anu.
905 3194 918 3253 l
935 3194 971 3253 lr.
988 3189 1085 3270 XXV)
1108 3209 1154 3248 su·

45 3313 98 3372 pra
121 3296 218 3352 monui
243 3314 273 3374 p.
303 3297 400 3358 XXVl
423 3318 475 3359 cur
493 3299 529 3360 ah
550 3298 714 3360 Euhemero
738 3301 862 3360 alienum
891 3300 1001 3360 ducum.
1047 3297 1154 3356 Verum

46 3402 122 3458 enim
149 3417 221 3458 uero
250 3420 314 3464 cum
340 3403 504 3466 columella
530 3405 572 3466 tx
600 3404 746 3482 lpne'tam
766 3412 950 3466 Euhcnerum
974 3403 1032 3484 (V)
1060 3403 1155 3463 lunda·

45 3508 127 3564 nisse
149 3505 233 3565 Ennii
256 3527 366 3570 memor
385 3511 530 3588 uideatur,
559 3521 617 3572 tum
645 3531 693 3570 res
724 3512 875 3572 conficitur
905 3511 1008 3589 opinor
1037 3509 1154 3567 inuento

45 3611 169 3689 llbergii
190 3615 265 3688 mei,
296 3616 345 3694 qui
368 3617 577 3677 delitescentes
608 3617 660 3676 suh
689 3616 829 3678 lactantii
852 3614 951 3674 uerbis
974 3622 1154 3672 tetrametro·

46 3737 108 3777 rum
133 3718 290 3796 particulas
312 3722 471 3783 suscitauit.
517 3723 592 3783 Vide
614 3724 700 3800 igitur
723 3738 796 3800 qnos
819 3720 870 3779 ille
899 3720 975 3778 eir.
1007 3717 1062 3777 llll
1088 3736 1152 3776 uer-

46 3842 95 3882 sus
128 3823 336 3902 descripserit:
364 3827 497 3901 Iuppiter·
513 3839 661 3904 postquam
690 3833 782 3886 omnes
808 3841 900 3886 terras
928 3827 1055 3884 circuierit
1075 3824 1154 3897 quiu-

46 3958 140 4024 quiens
165 3946 169 4032 Ι
198 3929 377 4026 omnibusque
398 3954 456 4010 stus
480 3960 576 4012 amuis
603 3957 684 4029 a'tpue
704 3955 827 4029 cnpuntr's
853 3958 911 4010 suro
931 3948 935 4034 l
954 3929 1078 4026 imperio
1107 3969 1156 4008 eu·

43 4059 154 4130 pendit,
187 4061 296 4131 reliquit
323 4059 409 4133 unes,
440 4077 531 4118 mures
557 4059 675 4133 didicit,
702 4054 707 4140 Ι
734 4035 912 4117 Frumentum
939 4059 1056 4132 purdur't
1086 4064 1155 4116 aliu-

48 4181 99 4234 que
127 4164 268 4220 inmortali
293 4167 383 4237 pidric
409 4161 413 4245 l
438 4167 528 4222 Multa
555 4168 631 4238 fecit.
660 4171 689 4222 et
718 4182 735 4222 c
764 4164 800 4223 fr.
828 4163 895 4223 Vlll
924 4167 1051 4238 Iuppiter
1079 4167 1155 4237 Nep-

48 4270 109 4324 tuno
130 4273 275 4343 imperium
293 4272 375 4342 ponti
395 4273 458 4344 dot,
477 4281 506 4328 ut
533 4275 561 4327 iu
590 4272 687 4328 iruulr's
706 4267 711 4352 Ι
730 4272 842 4340 Quaiuc
862 4288 942 4328 secus
959 4274 1074 4344 pontum
1095 4275 1155 4328 ineu
