2752 4944
650 333 886 394 nunnitvn

318 601 527 676 Concurrunt
545 605 600 674 uel
619 605 666 674 uti
684 503 873 678 uantiycum
894 608 1030 700 spiritus
1052 611 1159 681 austri

317 704 497 778 lmbrioitor
517 708 699 802 aquilaque
715 731 778 780 suo
800 732 875 781 oum
894 713 1026 784 tlaruine
1047 719 1166 784 eontra

228 817 291 879 415
318 809 400 882 ludu
423 811 505 882 mari
527 833 650 906 magno
672 813 792 884 lluotus
813 815 974 886 extollere
995 821 1131 888 certant.

745 930 794 1000 Vl

316 1030 390 1100 Non
412 1037 556 1122 possunt
573 1053 725 1104 mussare
745 1035 821 1104 boni
844 1037 901 1129 qui
923 1037 1044 1109 lamam
1097 1089 1108 1111 .
1162 1091 1172 1106 .
1224 1090 1232 1106 .

318 1133 392 1203 Nixi
410 1134 543 1206 militiae
564 1135 667 1207 multo
688 1159 848 1230 peperere
870 1140 984 1210 labore

740 1257 803 1328 Vll

318 1407 699 1430 .......
753 1383 861 1456 neque
885 1383 1027 1452 corpora
1047 1360 1145 1431 firma

316 1459 523 1552 Longiscunt
543 1460 718 1556 quicquam

623 1711 780 1796 LIBER
810 1711 916 1797 Xllll

761 1901 776 1972 l

227 2013 290 2076 430
317 2001 524 2097 Degrumare
546 2005 655 2074 lorum

214 2207 348 2270 cunctique
358 2206 450 2255 Latini.
470 2205 546 2272 [Aen.
554 2205 658 2272 X1745]
670 2207 767 2257 Ennius
780 2209 807 2256 in
819 2207 928 2271 septimo
940 2206 1038 2256 decimo
1053 2206 1104 2254 ...¹
1119 2206 1243 2273 (101111ο
1254 2197 1309 2263 Sal.)

282 2277 306 2325 V
320 2276 464 2326 Macrobius
476 2275 529 2326 Sat.
543 2278 605 2328 vla
619 2277 705 2342 poto
716 2278 773 2326 Jau.
794 2277 905 2326 ‘diuersi
919 2290 1011 2341 magno
1022 2291 1069 2324 eeu
1082 2277 1213 2338 quondam
1224 2272 1309 2322 turbiue

172 2369 180 2392 ι
213 2347 282 2395 uenti
302 2345 445 2412 Conlligunt
463 2347 643 2412 zephyrosque
663 2355 787 2410 notusque
811 2355 836 2396 et
856 2346 938 2396 laetus
954 2346 1015 2395 Eois
1033 2347 1116 2394 Eurus
1137 2347 1219 2409 equis.
1245 2341 1308 2407 [Aen.

214 2412 312 2479 11410]
331 2415 427 2464 Ennius
441 2418 467 2465 in
479 2418 588 2481 septimo
606 2417 705 2467 decimo
722 2418 773 2465 ...’
845 2417 880 2465 Vl
899 2415 1065 2480 Philargyrus
1077 2417 1103 2464 in
1116 2415 1210 2480 Georg.
1225 2414 1257 2462 lV
1269 2408 1308 2460 loo

214 2487 373 2535 ‘mussant
386 2485 428 2534 hio
439 2495 604 2536 murmurant.
630 2485 700 2544 Quae
711 2501 762 2536 uox
777 2486 881 2551 ponitur
895 2487 957 2534 etin
972 2486 1071 2534 tacendi
1086 2484 1276 2550 significatione,
1289 2487 1308 2526 ut

213 2555 282 2621 apud
294 2555 404 2605 Ennium
417 2556 443 2604 in
455 2556 528 2606 XVll
543 2558 595 2606 ...³
624 2557 719 2606 Paulus
733 2557 801 2606 Festi
818 2570 844 2620 p.
858 2555 908 2606 144
920 2555 953 2604 Μ.
976 2559 1148 2615 ‘mussare‚
1165 2563 1308 2604 murmurare

212 2624 321 2675 Ennius:
343 2624 390 2690 [Vl
406 2624 437 2675 lr.
454 2625 500 2690 Vl]
521 2627 599 2693 uulgo
619 2640 680 2680 uero
699 2640 746 2691 pro
763 2633 847 2676 tacere
864 2625 970 2685 dicitur,
992 2633 1020 2673 ut
1037 2625 1106 2675 idem
1124 2625 1235 2674 Ennius:
1260 2632 1309 2668 nou

212 2694 308 2745 deoet
323 2710 466 2745 mussare
480 2696 599 2745 bonos!
618 2696 690 2744 Hunc
703 2694 858 2745 uersiculum
875 2709 924 2743 non
938 2694 1069 2744 diuersum
1081 2711 1139 2744 esse
1154 2695 1186 2743 ab
1203 2707 1231 2742 eo
1246 2702 1308 2753 quem

212 2764 361 2832 Philargyro
376 2764 498 2814 debemus
506 2765 535 2816 Ο.
543 2765 680 2815 Muellerus
692 2761 818 2815 intellexit
831 2765 973 2814 adFestum
984 2778 1011 2829 p.
1019 2763 1079 2815 384.
1100 2763 1207 2814 Seruius
1219 2763 1244 2810 iu
1255 2761 1307 2808 Aen.

211 2831 259 2883 ΧΗ
277 2834 328 2885 657
354 2835 465 2884 ‘Ennius
482 2851 624 2885 mussare
645 2851 692 2902 pro
710 2843 793 2884 tacere
813 2835 916 2899 posuit.¹
988 2834 1036 2885 Vll
1055 2833 1154 2883 Nonius
1172 2850 1198 2900 p.
1215 2824 1309 2888 13410

213 2903 432 3038 ‘longiscmga
452 2905 556 2972 longum
569 2905 624 2955 lieri
640 2906 682 2955 uel
697 2903 824 2972 frangere.
848 2904 945 2953 Ennius
965 2903 1009 2954 lib.
1024 2904 1098 2954 XVll
1116 2905 1169 2953 ...'
1188 2903 1253 2968 (Αιιι
1265 2895 1307 2946 uel

212 2973 385 3040 languere?

245 3078 333 3126 Linon
347 3077 431 3128 XVlll
466 3076 477 3124 1
491 3076 694 3143 Noniusp.o:3,8
710 3082 852 3144 ‘grumae
867 3084 924 3126 suut
936 3078 993 3127 looa
1002 3077 1087 3126 media
1098 3077 1125 3126 in
1136 3092 1202 3139 quae
1212 3076 1307 3125 directae

211 3155 328 3210 quattuor
341 3155 527 3213 congregantur
539 3156 564 3196 at
576 3149 730 3198 conueniunt
744 3149 812 3197 uiae.
835 3148 881 3198 Est
892 3154 981 3204 autem¹
989 3161 1100 3212 grume
1113 3160 1232 3196 mensuro
1243 3155 1308 3206 quoe-

212 3217 270 3266 dam
283 3232 333 3280 qua
346 3216 399 3266 lixa
413 3217 471 3266 uiae
483 3217 518 3266 ad
534 3217 627 3268 lineam
642 3218 843 3284 dirigantur,
863 3224 890 3266 ut
905 3224 942 3266 est
957 3217 1160 3282 agrimensorum
1180 3224 1204 3266 et
1222 3213 1305 3262 talium.

210 3407 328 3448 mannus
342 3392 382 3446 od
390 3391 475 3452 Lnor.
498 3390 542 3448 VI
553 3397 621 3452 1160
706 3398 876 3464 exortusque
887 3390 961 3449 Med.
1048 3391 1186 3462 utrimque
1199 3383 1307 3444 Merula·

211 3479 335 3549 utriaque
350 3477 414 3533 libri
496 3482 548 3536 413
567 3479 649 3534 ueluti
667 3477 730 3532 libri
834 3481 885 3536 415
906 3475 974 3531 indu
988 3473 1109 3531 Merula.
1132 3474 1198 3530 inde
1212 3469 1307 3542 nuptie.

212 3563 312 3618 Solito.
323 3562 395 3618 Por.
404 3561 482 3617 Med.
498 3579 516 3634 o
530 3563 546 3615 lr
561 3578 576 3616 c
661 3578 764 3634 magno
779 3563 886 3634 Anytic.
899 3557 998 3616 Solito.
1014 3577 1133 3632 magnos
1143 3559 1218 3620 Por.

210 3651 262 3706 416
275 3664 318 3718 sq.
341 3649 444 3702 samam
517 3648 580 3701 Nixi
595 3648 709 3703 militiae
724 3648 809 3702 multo
829 3665 857 3719 p.
874 3648 969 3702 labore
980 3644 1124 3716 =Borplnito
1138 3645 1253 3716 Ephent.
1267 3640 1306 3714 litt·

210 3733 278 3788 Hal.
294 3737 362 3792 1841
376 3731 411 3786 ΙΙ
423 3735 485 3790 130.
506 3732 606 3785 laetam
627 3734 721 3787 labore
741 3732 815 3785 enixi
837 3732 962 3786 militiam
981 3746 1009 3801 p.
1030 3729 1225 3802 Philargyrum.
1247 3727 1308 3780 laeto

210 3819 305 3874 labore
322 3818 386 3873 Nixi
404 3818 519 3872 militiae
535 3833 564 3887 p,
581 3817 610 3871 J.
625 3816 721 3873 Denso
736 3815 828 3871 Plout.
844 3817 969 3888 It'rcplon.
987 3814 1038 3870 IV
1049 3819 1083 3872 14
1187 3817 1239 3872 419
1259 3812 1306 3864 lan·

210 3905 324 3976 giseunt
342 3901 393 3958 rt.
403 3900 516 3974 nuptus
615 3905 670 3960 loo
692 3901 860 3972 degrumare
876 3902 980 3969 lorum]
1002 3899 1042 3971 cf.
1055 3899 1182 3972 Hyginus
1198 3899 1232 3954 cle
1244 3893 1307 3952 ont·

205 4005 238 4060 p.
255 3993 307 4048 180
320 3987 434 4043 Lnohnn
462 3988 504 4042 ‘in
522 3989 622 4043 costra
642 4003 739 4057 promo
754 3989 870 4057 ponitur
892 3988 921 4041 in
943 3991 1176 4056 intrantemque
1191 3984 1262 4040 uelut
1277 3975 1309 4032 nd
1356 3973 1357 4032 l

208 4073 327 4146 sorum
349 4074 547 4128 conueniatur!
580 4072 740 4142 degrumari
766 4071 870 4126 terrum
890 4071 1006 4126 Nonius.
1025 4068 1198 4140 Interpolnto
1221 4076 1306 4139 grunno
1356 4109 1357 4118 ,

211 4158 335 4230 dirigere
348 4174 407 4229 pro
427 4155 564 4212 Ennianis
580 4157 751 4218 nenditnnteo
771 4154 920 4212 Meroerno
939 4161 966 4211 et
980 4153 1091 4210 Merula
1110 4155 1247 4225 prooeirnn
1261 4150 1306 4212 ,titt

211 4243 374 4316 degrumari
388 4244 460 4310 (nne
475 4242 659 4312 degrumare)
677 4255 745 4296 uero
761 4241 883 4299 Lucilius
899 4240 1043 4304 emundant
