2752 4944
492 383 724 440 ΕΝΝΙΑΝΑΕ
1019 391 1168 439 LXXXVII

41 557 164 610 minum
190 555 323 610 mentimw
348 555 497 610 oraticnem
521 553 590 609 odeo
612 554 784 624 magnificam
810 553 843 606 de
868 551 949 606 rebus
974 552 1009 607 cb
1032 567 1061 606 sc
1087 554 1168 624 pestis

42 676 192 715 eccorsum
212 675 279 728 esse,
302 667 332 716 ut
349 662 417 715 sctis
438 664 578 714 constaret
597 658 729 712 neminem
748 675 877 730 umquam
898 673 985 728 nepae
1006 659 1101 714 melius
1118 671 1166 712 ae-

43 781 109 838 que
130 769 228 822 aserim
249 767 390 820 laudatum
411 779 480 820 esse.
503 764 663 820 dicebantur
677 765 748 818 enin
767 763 802 816 ob
823 763 915 818 eodem
937 765 1028 817 animo
1048 765 1166 834 ingenio-

43 887 123 944 que,
148 889 168 926 c
181 889 234 944 quc
254 877 330 945 gesta
353 877 446 938 erant,
467 877 493 925 et
513 873 622 926 ouricm
642 869 784 941 fastidiam
800 868 911 934 oberat,
933 871 999 940 quaa
1015 885 1071 941 pro
1088 871 1167 940 peri-

45 979 135 1044 culo,
164 993 219 1033 aaa
237 980 266 1032 in
291 977 406 1048 glorium
428 975 631 1046 referebantur.
674 970 758 1030 Vnde
782 971 831 1030 ille
852 987 944 1047 graue
971 981 1167 1048 argumentum

47 1081 151 1158 petit,
175 1097 277 1137 uersus
301 1077 406 1136 illusa
434 1077 589 1154 Scipione,
620 1095 705 1154 quern
735 1093 792 1135 non
819 1077 959 1137 credibile
983 1078 1019 1136 sit
1049 1078 1083 1137 ad
1112 1076 1168 1136 boc

49 1201 155 1261 nsque
178 1192 290 1260 ternpus
318 1184 505 1262 perrexisse,
537 1183 650 1242 alienos
678 1185 705 1242 in
730 1183 879 1244 annalibus
908 1183 945 1242 ibi
975 1185 1023 1244 ubi
1045 1199 1167 1262 progre-

50 1291 145 1349 diens
172 1291 298 1348 narratio
330 1289 365 1348 ad
395 1290 470 1349 bunc
499 1287 594 1347 locum
616 1292 781 1366 peruenerit
811 1291 962 1368 adpositos
984 1291 1086 1349 fuisse.
1130 1288 1167 1347 At

48 1405 86 1454 ut
110 1395 188 1454 baec
209 1398 366 1456 conuenire
389 1395 539 1455 annalibus
560 1397 708 1472 concedo,
738 1398 775 1455 ita
802 1416 838 1456 ne
869 1399 912 1456 sic
939 1395 1054 1474 quidem
1088 1411 1168 1453 meas

51 1509 223 1580 quassante
250 1503 373 1579 exposui
392 1504 518 1562 rationes
548 1502 721 1579 testiumque
749 1505 950 1563 auctoritatem
980 1501 1073 1560 euerti
1101 1519 1167 1579 par·

53 1626 179 1668 suasum
210 1615 264 1666 est.
309 1605 391 1666 Enim
420 1625 492 1666 uero
521 1625 584 1666 eam
611 1626 694 1686 quam
726 1611 826 1688 Scipio
852 1612 888 1670 de
917 1609 1010 1686 gloria
1035 1625 1085 1666 sna
1118 1606 1167 1665 ba-

52 1717 119 1774 buit
143 1715 304 1773 orationem
323 1720 417 1790 poeta
438 1713 552 1790 dignam
575 1713 675 1773 babuit
698 1733 780 1794 quam
806 1717 944 1794 singulari
968 1716 1093 1774 carmine
1117 1731 1166 1772 ex-

55 1823 216 1900 primeret:
250 1837 324 1896 quae
357 1837 420 1876 cum
448 1821 570 1880 maxime
601 1822 629 1878 in
655 1823 744 1882 rebus
771 1823 917 1883 Africanis
944 1828 1059 1878 uersata
1089 1819 1167 1878 aide·

54 1937 142 2000 atur,
172 1943 209 1984 ex
239 1926 283 1984 eis
315 1924 433 1986 haustas
465 1925 601 2004 quasdam
637 1929 777 2005 imagines
803 1927 926 1985 orationi
954 1928 1015 1984 siue
1044 1924 1168 1984 subiecit

56 2034 124 2091 siue
149 2031 306 2109 praemisit.
352 2029 453 2090 Erexit
474 2035 560 2109 igitur
581 2029 688 2093 Ennirrs
704 2035 760 2092 boc
782 2041 923 2109 tamquam
947 2031 1089 2091 amicitiae
1107 2046 1166 2088 mo·

58 2145 225 2196 numentum
248 2134 377 2213 Scipioni
399 2141 455 2192 tum
484 2141 639 2216 temporis,
671 2157 733 2198 cum
757 2138 882 2197 fortasse
905 2137 982 2196 nulla
1011 2137 1076 2195 dum
1100 2153 1168 2214 pars

58 2244 206 2304 annalium
225 2239 382 2321 prodierat.
416 2243 524 2302 Verum
537 2245 572 2304 ad
588 2245 664 2304 aliud
679 2244 792 2303 laudum
811 2259 903 2318 genus
921 2242 994 2301 baec
1007 2243 1168 2318 fragmenta

59 2352 226 2430 pertinent,
255 2369 338 2425 pacm
360 2357 464 2408 tantam
484 2359 602 2410 statuam
619 2361 720 2410 amtuei
739 2355 860 2427 populus
886 2353 1029 2407 Romanus
1047 2351 1169 2418 meue

57 2462 216 2518 columnam
243 2445 314 2532 qaue
342 2463 420 2530 ioque
441 2464 467 2514 et
486 2467 531 2514 tuo
553 2467 629 2532 posta
652 2464 779 2538 loquatur
797 2454 902 2532 (Vll):
934 2460 979 2513 ael
1002 2465 1030 2512 tu
1052 2459 1168 2514 dictator

59 2569 108 2623 oei
129 2582 261 2638 weuram
287 2567 457 2637 equitumque
484 2570 613 2638 magister
636 2568 702 2622 Esto
730 2567 774 2620 uei
799 2567 896 2620 consul
917 2557 988 2638 (lX)
1013 2568 1041 2617 et
1061 2559 1167 2618 Suidae

62 2669 203 2727 memoria
228 2664 344 2744 (Vlll):
378 2666 480 2744 quibus
508 2668 599 2744 ipsum
628 2676 742 2746 potitam
778 2665 974 2743 adpellauisse
1002 2666 1168 2742 Scipionem
1254 2717 1258 2725 .

61 2774 195 2851 adparet.
232 2771 327 2848 Atque
349 2770 394 2830 bis
411 2790 486 2830 nunc
509 2791 616 2832 uereor
637 2782 666 2832 ut
688 2756 769 2832 recte
786 2772 863 2842 bunc
882 2771 976 2829 locum
998 2771 1168 2848 adsignaue·

63 2881 133 2953 rim,
158 2862 266 2956 quippe
286 2893 302 2934 a
325 2876 429 2953 quibus
457 2879 556 2939 iniuria
580 2879 654 2938 baec
678 2878 819 2957 particula
842 2881 934 2953 Scs'pio
956 2884 1054 2936 inuicta
1077 2876 1167 2954 (Anu.

62 2983 103 3043 tx
120 2982 155 3041 fr.
175 2980 258 3058 Xlll)
275 2982 374 3041 diuelli
392 2983 532 3043 uideatur.
570 2984 651 3057 Quae
674 2984 750 3062 quod
777 3001 814 3040 ex
841 2983 990 3043 annalibus
1019 2983 1169 3062 desumpta

64 3097 157 3163 esset,
183 3087 245 3146 eius
269 3089 312 3146 rei
334 3087 444 3165 Hagios
467 3091 494 3150 id
519 3109 586 3148 esse
610 3090 716 3150 indicio
741 3090 860 3166 putauit,
884 3089 961 3166 quod
984 3085 1091 3148 Cicero
1112 3088 1169 3148 boc

65 3202 207 3269 tamquam
231 3191 379 3268 singulare
399 3194 492 3283 biatus
513 3196 677 3274 exemplum
700 3195 840 3269 adferret,
863 3196 890 3252 ni
912 3193 1011 3253 mirum
1028 3195 1168 3254 annalium

64 3307 172 3358 tantum
200 3314 324 3357 memor:
362 3301 477 3377 quando
505 3319 670 3381 comparem
700 3302 803 3361 hiatum
826 3307 945 3378 praeter
972 3299 1091 3360 annales
1113 3301 1170 3362 boc

64 3407 240 3483 epigramma
264 3403 418 3464 exhiberet
439 3413 560 3482 aspicite,
582 3416 695 3481 coines,
718 3414 791 3466 senis
810 3410 886 3464 Enni
903 3411 1029 3482 imaginis
1048 3413 1170 3484 foratam

66 3511 182 3590 (Epigr.
206 3508 245 3587 l).
292 3508 335 3567 Ac
351 3507 548 3572 Lachmannus
571 3515 686 3592 quidem
699 3515 729 3598 ¹iu
745 3513 828 3572 Lacr.
852 3511 892 3570 lll
910 3513 988 3572 1034
1005 3513 1079 3572 istud
1095 3515 1168 3572 frus·

67 3617 155 3676 tulum
177 3617 205 3674 in
230 3616 296 3694 ipso
316 3615 487 3694 prohoemio
516 3621 657 3679 annalium
684 3638 740 3679 non
768 3618 883 3677 multum
902 3603 973 3678 ante
996 3618 1066 3678 illud
1092 3619 1169 3697 quod

67 3723 124 3782 dixi
146 3721 335 3797 fragmentum
356 3743 438 3798 quom
460 3734 564 3784 tantam
582 3736 699 3786 statuam
720 3744 746 3784 e.
772 3743 799 3802 q.
824 3744 847 3782 s.
871 3725 962 3782 fuisse
988 3722 1168 3800 opinabatur.

68 3828 148 3901 Quos
170 3845 274 3887 uersus
294 3845 356 3888 cum
379 3831 537 3890 concedam
561 3829 629 3887 olim
652 3847 728 3890 nexu
750 3832 873 3910 quodam
897 3829 1082 3904 cohaesisse,
1109 3832 1170 3906 qui·

69 3933 122 3992 bus
148 3935 176 3990 in
202 3924 277 3992 idem
307 3937 483 3994 consortium
509 3935 584 3995 addo
612 3936 671 3994 Sat.
695 3935 735 3996 lll
762 3939 798 3996 fr.
821 3935 897 3995 Vlll.
926 3935 983 4009 lX,
1013 3944 1107 3994 tamen
1134 3935 1170 3994 de

69 4037 236 4124 prohoemio
260 4041 399 4100 dissentio
421 4044 475 4117 fta,
496 4051 526 4100 ut
545 4043 619 4101 haec
642 4045 735 4103 omnia
750 4043 845 4102 malim
862 4044 889 4100 in
910 4058 986 4100 nono
1002 4038 1096 4098 annali
1114 4039 1171 4098 boc

69 4153 111 4203 ost
133 4144 172 4203 ibi
195 4144 243 4204 nbi
268 4148 415 4224 Scipionis
446 4165 494 4206 res
516 4149 705 4208 narrabantur
736 4148 900 4208 conlocari:
932 4147 986 4205 nisi
1008 4145 1084 4204 forte
1113 4145 1170 4204 boc
