2784 4940
489 369 720 428 ENNlANAE

215 535 319 617 ζῶντ’,
343 530 410 601 ἀλλ’
433 531 534 612 innita
555 533 606 596 sul
626 539 705 596 mosei
722 527 825 613 ψυχὰν
843 534 927 615 ἔχειν.

216 634 251 704 rb
272 638 308 702 δὲ
331 632 427 720 σοφὸν
448 633 468 700 ἆ
488 634 577 716 φύσις
596 629 658 698 cdd'
681 630 762 698 aldea
783 627 822 709 ὧς
842 635 899 716 ἔχει

215 739 315 824 μόνα·
339 743 529 806 πεπαίδευται
548 733 606 820 γὰρ
628 728 774 811 αὐταύτας
793 730 862 802 dud.

64 871 123 944 Qua
142 888 171 928 re
191 886 258 929 curn
277 886 339 928 non
361 867 450 928 lucile
471 863 540 927 alibi
563 881 647 943 quarn
667 865 695 924 in
718 866 891 942 cognomine
913 865 1039 926 carmine
1059 868 1165 946 proba·

66 977 119 1049 bile
137 981 172 1037 sit
185 975 315 1036 Ennium
331 971 423 1034 Siculi
443 989 547 1032 uersus
569 982 604 1032 ao
627 972 785 1031 sententies
806 975 1005 1050 conuertisse,
1028 974 1096 1036 huic
1113 992 1165 1055 po·

63 1086 111 1143 tius
133 1084 250 1144 carmini
274 1099 364 1160 quarn
385 1077 528 1139 annalium
549 1076 721 1157 prohoemio
743 1093 847 1137 uersus
870 1077 938 1138 illus
961 1097 1025 1140 cum
1058 1084 1166 1142 ceteris

60 1191 151 1250 iubent
172 1189 287 1250 inferri.
328 1185 479 1246 Attamen
494 1179 616 1245 Ennium
638 1186 667 1244 ln
682 1201 719 1244 eo
737 1185 864 1246 carmine
880 1202 937 1245 non
952 1187 1006 1248 nisi
1021 1189 1165 1268 interpre-

60 1305 112 1356 tem
137 1297 238 1373 egisse
262 1293 433 1374 Epicharmi
463 1289 550 1352 uelim
574 1291 695 1370 primurn
721 1290 789 1352 mihi
812 1292 877 1353 aliis
903 1309 987 1371 quam
1010 1295 1068 1356 illis
1091 1311 1165 1375 quos

59 1405 249 1482 supraposui
273 1400 398 1464 Graecis
426 1397 559 1460 uersibus
583 1397 717 1477 probari:
745 1397 849 1478 quibus
878 1401 977 1460 mimm
1005 1411 1050 1460 est
1077 1417 1164 1481 quos·

59 1509 118 1570 dam
151 1527 209 1571 non
242 1509 356 1570 uidisse
388 1507 559 1568 sententiam
587 1508 729 1567 contineri
766 1523 888 1584 prorsus
922 1508 1093 1576 contrariam
1126 1508 1165 1586 ei,

61 1634 138 1694 quam
168 1634 244 1696 quos
276 1614 346 1675 inde
375 1621 526 1692 promptos
555 1613 657 1674 uolunt
686 1631 789 1673 uersus
809 1613 900 1674 Latini
923 1614 1058 1674 indicant.
1102 1615 1166 1677 Nec

61 1723 104 1799 qui
124 1723 230 1784 huticis
249 1721 337 1784 Ennii
367 1718 439 1780 uelit
462 1716 582 1780 Graecis
610 1719 672 1780 istis
702 1719 875 1799 responderi
903 1719 991 1782 habet
1015 1723 1163 1802 prolecto,

63 1845 115 1904 quo
131 1830 256 1890 maxime
277 1829 476 1890 coniecturam
488 1833 605 1884 tutetur.
628 1822 674 1885 Gi.
691 1824 721 1884 h.
735 1824 911 1888 Schmidtius
924 1827 1044 1902 Quaest.
1057 1830 1162 1912 Epich.

63 1952 88 2012 p.
110 1934 149 1994 52
171 1954 216 2016 sq.
251 1937 315 1998 Sed
332 1943 396 1996 esto
420 1941 451 1992 ut
472 1931 514 1993 illi
532 1932 634 1994 uolunt
654 1933 832 1992 conuerterit
848 1929 956 1994 Ennius
972 1934 1164 2015 Epicharmos

65 2050 92 2100 et
115 2046 296 2106 conuerterit
323 2043 409 2102 etiam
430 2040 509 2100 illam
530 2055 605 2118 quae
628 2037 747 2099 Graecis
773 2038 872 2098 uerbis
895 2040 1006 2102 relicua
1028 2051 1074 2104 est
1099 2061 1164 2104 sen·

65 2150 187 2226 tentiam,
215 2151 287 2212 inde
311 2165 415 2211 uersus
440 2145 509 2208 illos
538 2147 724 2208 hexametros
753 2163 811 2206 non
838 2163 1024 2226 consequens
1050 2151 1106 2210 erit
1133 2160 1164 2211 nt

70 2252 230 2332 Epicharmo
250 2256 402 2318 attribuas.
442 2254 537 2316 Potuit
554 2253 628 2313 enim
644 2251 771 2328 Ennius,
794 2271 858 2313 cum
880 2253 908 2312 in
933 2256 1074 2316 annalium
1096 2274 1163 2335 pro-

71 2360 172 2424 hoemio
200 2376 231 2427 et
259 2361 476 2446 philosophiam
504 2361 661 2437 attingeret
689 2367 718 2418 et
746 2360 826 2420 illurn
856 2359 951 2421 locum
978 2363 1027 2440 qui
1054 2353 1163 2426 est'de

70 2477 157 2531 namra
182 2476 358 2546 animarum,
399 2466 577 2530 commodam
604 2464 769 2545 Epicharmi
801 2470 971 2530 sententiam
1004 2473 1165 2550 asciscere,

69 2591 143 2652 quam
170 2591 279 2660 postea
304 2579 333 2637 in
360 2575 556 2655 Epicharmo,
589 2575 615 2632 si
642 2572 757 2652 quidem
782 2573 839 2634 hoc
871 2593 987 2636 carmen
1017 2580 1165 2656 posterius

68 2691 108 2740 est
124 2687 292 2762 annalibus,
317 2684 437 2763 propius
456 2679 567 2742 Graeca
585 2689 704 2742 secutus
726 2697 921 2760 expressums
943 2693 1015 2745 erat.
1059 2685 1164 2761 Potuit,

67 2787 187 2869 iuquam,
218 2793 344 2855 Ennius:
386 2791 471 2850 immo
507 2787 708 2848 commendant
740 2789 881 2849 rationem
915 2790 1057 2868 quaedem
1089 2807 1165 2870 quae

68 2891 147 2956 hodie
168 2910 269 2962 extent
294 2899 465 2976 fragments.
510 2894 604 2970 Quem
627 2897 701 2957 enim
725 2894 818 2957 Varro
845 2896 882 2957 de
906 2896 937 2957 b.
953 2895 984 2958 L.
1007 2893 1034 2956 V
1054 2897 1095 2958 60
1124 2897 1162 2958 ll.

68 2997 186 3064 laudauit
222 3007 422 3068 hexametrum
461 3014 591 3079 serraque
631 2997 735 3078 corpus
769 3006 845 3075 Qame
881 3007 954 3066 dedit
993 3011 1056 3083 ipsa
1091 3013 1167 3083 capit

68 3121 147 3180 nepae
169 3114 299 3188 dispendi
314 3117 386 3190 facit
402 3115 487 3172 lcitum
510 3105 628 3187 (Xlll),
662 3108 688 3168 ei
708 3111 763 3170 nisi
785 3127 967 3190 comparem,
990 3121 1019 3172 at
1040 3112 1163 3172 similem

70 3218 231 3279 sententiam
261 3219 309 3280 hic
339 3235 443 3280 uersus
473 3217 602 3278 continet
631 3233 686 3293 eo,
728 3233 813 3294 quem
845 3218 959 3278 unicum
986 3218 1163 3300 Epicharmo

70 3315 254 3403 uindicamus,
291 3343 410 3387 numero
440 3323 591 3385 trochaico
624 3323 808 3402 conscriptus
838 3328 922 3386 tes-ass
948 3329 1051 3400 pensas
1078 3329 1164 3384 omns

67 3435 169 3499 litim
187 3437 215 3493 ἐι
235 3440 349 3495 resumit
366 3439 452 3492 demta
489 3428 608 3510 (Epich.
633 3428 700 3510 lV).
727 3429 791 3491 Nec
808 3449 889 3508 snus,
906 3433 961 3492 nisi
978 3432 1026 3509 qui
1043 3432 1162 3508 argutiis

71 3545 126 3592 itm
147 3541 215 3618 agit,
237 3541 332 3602 eidem
345 3549 496 3618 utrumque
512 3535 687 3617 Epicharmo
703 3537 810 3598 ascribi
824 3539 977 3618 perstabit.
1011 3537 1162 3598 Rationum

74 3637 295 3710 trobahitnasem
317 3648 343 3708 si
362 3647 512 3726 sequeris,
543 3644 619 3705 hunc
639 3645 833 3724 posteriorem
854 3646 995 3708 suadente
1017 3653 1047 3704 ct
1068 3651 1161 3702 metro

76 3749 101 3798 et
127 3765 209 3814 seusu
231 3753 426 3833 Epichsmro,
456 3751 577 3812 alterum
605 3750 755 3811 annalibus
778 3760 808 3810 et
830 3752 857 3812 ei
879 3751 995 3830 quidem
1016 3751 1089 3829 parti
1112 3767 1161 3809 au·

76 3848 183 3934 lilium,
213 3879 269 3940 qua
289 3861 347 3922 hoc
369 3868 451 3922 certe
472 3858 609 3934 uicimus,
634 3857 755 3936 opinor,
781 3856 957 3937 philosophe
986 3857 1161 3917 disseruisse

76 3959 188 4042 tuscan,
210 3966 352 4046 adpones.

148 4065 267 4134 liestsnt
283 4073 340 4134 duo
362 4074 399 4134 de
421 4071 543 4133 exordio
566 4088 680 4146 uersus,
703 4069 741 4130 de
762 4069 865 4150 quihus
884 4072 962 4130 iuuat
982 4067 1075 4128 uerbo
1100 4085 1160 4129 mo-

76 4183 147 4233 lett-
195 4180 270 4242 lluic
296 4182 371 4242 enim
399 4179 561 4258 fragmento
588 4195 659 4254 passe
693 4195 764 4236 caasa
799 4197 916 4253 corpore
941 4181 1068 4236 caemleo
1099 4197 1160 4236 ccr-

76 4279 125 4338 int
146 4297 265 4366 receptat
291 4285 365 4367 (xl)
397 4285 500 4346 dudum
521 4286 550 4346 in
582 4283 701 4344 unnales
728 4282 782 4342 ssd
806 4299 906 4362 purum
942 4281 1162 4343 commendabili
