2784 4940
188 354 247 402 tvl
577 338 890 410 QVAESTIONES

190 515 311 587 propter
334 507 522 586 multiplicem
543 505 572 564 io
592 503 650 564 boc
667 504 749 566 bello
771 503 956 564 Numidarum
981 503 1108 581 equitum
1132 521 1221 562 usum
1244 502 1311 581 (cl.

188 612 247 674 biu.
264 610 333 672 xxi
353 611 404 672 29.
425 613 483 690 45)
506 627 564 670 non
585 627 662 688 nego
686 611 771 670 etiam
793 612 822 670 in
842 611 899 670 alia
921 619 1004 688 parte
1023 611 1086 668 eius
1108 609 1175 669 libri
1197 609 1312 670 baberi

189 719 331 798 potuisse.
374 715 458 776 blitto
485 717 666 776 nuncetiam
690 715 727 774 ir.
750 713 807 790 lll,
839 733 897 794 quo
923 715 997 775 inira
1024 723 1168 774 reuertar.
1219 714 1312 788 Quae

190 825 353 884 certissimo
382 822 488 883 iudicio
511 821 633 882 Ennium
658 821 729 880 illud
758 818 867 880 bellum
894 840 951 882 uec
979 823 1158 900 praeterisse
1181 821 1313 879 omnino

190 948 247 989 nec
274 929 357 988 nimis
384 947 474 1009 parce
501 937 644 989 tractasse
671 925 842 1000 ostendunt,
872 925 947 986 baec
968 927 1025 989 duo
1044 936 1110 988 sunt
1132 945 1149 986 e
1172 928 1313 1004 septimo

191 1035 285 1096 annali
314 1033 410 1094 adlata
434 1034 595 1112 fragmenta
618 1030 697 1108 (vlt
713 1029 822 1110 ,Vlll):
851 1030 955 1110 quibus
983 1041 1013 1092 ut
1036 1043 1169 1113 apertum
1193 1041 1244 1092 cst
1268 1035 1314 1092 ita

190 1142 333 1201 neminem
355 1139 497 1201 editorum
517 1140 589 1216 iugit
617 1155 709 1196 naues
732 1138 858 1213 regendi
883 1139 1040 1213 exercitia,
1069 1137 1166 1216 qualia
1189 1137 1261 1196 iere
1282 1139 1315 1195 in

192 1249 288 1308 limine
309 1245 382 1306 belli
404 1245 493 1304 rudes
513 1243 597 1304 buius
616 1246 686 1303 artis
699 1241 820 1306 Romani
834 1243 1033 1319 instituerunt,
1057 1243 1186 1321 depingi.
1231 1241 1315 1300 Rem

192 1362 222 1413 et
248 1351 397 1412 conlirmat
424 1361 454 1412 et
476 1351 608 1410 inlustrat
625 1350 764 1424 Polybius
785 1349 798 1408 l
820 1348 858 1408 21
883 1349 920 1407 in.
948 1349 979 1409 oi
1001 1345 1034 1408 δὲ
1057 1338 1093 1408 τὰ
1118 1339 1316 1426 πληρώματα

193 1455 441 1536 συναθροίσαντες
474 1454 631 1516 ἐδίδασκον
653 1451 686 1514 ἐν
705 1456 743 1536 τῇ
763 1457 803 1536 γῇ
824 1457 1008 1532 κωπηλατεῖν
1027 1445 1080 1515 τὸν
1104 1449 1221 1535 τρόπον
1238 1458 1317 1515 τοῦ-

192 1583 259 1623 τον·
288 1562 465 1633 καθίσαντες
486 1559 610 1620 ἐπὶτῶν
630 1560 760 1640 εἶρεσιῶν
785 1556 817 1618 ἕν
837 1563 873 1641 τῇ
900 1559 993 1644 χέρσῳ
1014 1552 1082 1636 τοὺς
1107 1553 1225 1641 ἄνδρας
1254 1552 1319 1640 τὴν

194 1658 289 1747 αὐτὴν
308 1667 426 1746 ἔχοντας
443 1659 527 1742 τάξιν
543 1671 607 1738 ταῖς
621 1655 669 1726 ἐπ’
693 1655 792 1724 αὐτῶν
807 1669 868 1724 τῶν
880 1667 992 1726 πλοίιον
1008 1665 1186 1747 παθέδραις,
1212 1666 1316 1745 μέσον

195 1765 284 1834 δ’·ίν
306 1763 412 1858 ,αὐτοῖς
439 1770 593 1850 στήσαντες
619 1761 672 1833 τὸν
700 1761 872 1850 κελευστὴν,
903 1765 964 1850 ἅμα
988 1768 1102 1846 πάντας
1126 1768 1319 1846 ἀναπίπτειν

195 1870 244 1958 ἐφ’
268 1870 375 1950 αὖτοὺς
395 1870 521 1962 ἄγοντας
541 1866 594 1947 τὰς
615 1880 711 1955 χεῖρας
739 1875 789 1936 καί
812 1872 905 1938 πάλιν
932 1875 1087 1959 προνεύειν
1116 1875 1319 1952 ἕξωθοῦντας

195 1979 303 2058 ταύτας
322 1983 504 2058 συνείθιζον,
526 1974 670 2061 ἄρχεσθαί
689 2003 719 2042 τε
739 1980 790 2043 καὶ
806 1977 907 2063 λήγειν
928 1986 986 2042 τῶν
1008 1978 1153 2062 κινήσεων
1171 1973 1257 2064 πρὸς
1275 1977 1317 2045 τὰ

195 2095 247 2152 τοῦ
263 2091 417 2152 κελευστοῦ
431 2085 669 2168 παραγγέλματα.
693 2087 756 2160 Qua
768 2109 800 2149 re
813 2089 891 2169 quod
904 2107 991 2168 supra
1003 2091 1086 2167 tetigi
1097 2091 1156 2149 noli
1169 2092 1319 2154 dubitare

196 2197 308 2282 duobus
330 2196 393 2254 istis
416 2194 532 2253 tertium
557 2193 674 2253 adicere
696 2195 724 2254 id
746 2196 823 2274 quod
841 2195 899 2254 illis
914 2197 1073 2274 praeposui
1092 2196 1128 2256 ir.
1143 2194 1193 2261 VI,
1230 2197 1319 2270 Quin

197 2322 235 2363 ex
255 2303 310 2363 bac
328 2300 412 2360 Ennii
434 2300 597 2384 narratione
617 2298 767 2376 Vergilius
793 2301 911 2360 colores
938 2300 1078 2379 quosdam
1104 2301 1132 2359 in
1151 2317 1240 2360 suam
1264 2305 1319 2363 ali-

197 2427 282 2488 quam
316 2405 512 2468 uaumacbiam
544 2405 722 2485 desumpsit,
755 2408 896 2486 siquidem
921 2407 1041 2467 Seruius
1069 2407 1154 2467 Ennii
1181 2425 1319 2487 memor,

197 2523 228 2573 ut
247 2522 328 2592 puto,
349 2512 425 2572 Aen.
444 2510 471 2569 V
491 2511 548 2571 114
567 2510 641 2570 baec
656 2512 816 2572 adnotauit:
837 2517 943 2574 Punico
961 2518 1028 2574 betto
1041 2521 1165 2590 primum
1186 2536 1320 2588 nnuma-

109 2680 112 2685 !
197 2624 286 2679 obiam
301 2624 340 2678 ad
352 2607 513 2678 οπονολιλιιοι
527 2623 666 2676 instituere
677 2623 799 2678 Romani
811 2629 975 2694 coeperunt.-
991 2629 1136 2695 postquam
1146 2623 1322 2694 probarunt

197 2736 310 2808 οπλοναι
325 2736 419 2802 pentes
434 2730 515 2782 etium
531 2728 628 2781 nauali
641 2693 791 2782 ceriumiue
805 2731 957 2800 plurimum
973 2743 1072 2801 purae:
1094 2731 1234 2802 adquam
1255 2749 1321 2788 rem

197 2839 225 2891 in
241 2837 293 2892 λου
306 2835 456 2892 certamine
471 2833 575 2887 adludit
589 2836 682 2904 potua.
714 2829 794 2888 llaec
809 2830 896 2906 igitur
910 2830 1015 2906 indicia
1030 2849 1094 2890 cum
1110 2829 1237 2892 Ennium
1256 2840 1319 2914 pri·

197 2953 273 2995 mum
292 2934 401 3022 bellum
412 2935 548 2994 Punicum
561 2951 619 2992 nou
638 2937 753 2994 omuino
771 2937 1004 3014 praetermisisse
1019 2938 1246 3016 persuadeant,
1277 2953 1321 3003 ta·

198 3059 324 3129 mem-ne
337 3037 443 3099 Cicero
459 3040 527 3099 nihil
543 3039 653 3124 dixisse
669 3041 809 3116 uideatur,
823 3041 892 3100 illud
907 3043 1062 3102 tenendum
1076 3053 1120 3102 est
1132 3044 1216 3104 buius
1235 3045 1318 3108 belli

199 3149 392 3231 narrationem
419 3165 483 3205 cum
512 3145 548 3205 ab
570 3145 633 3206 aliis
654 3137 743 3204 rebus
762 3155 820 3226 tum
839 3151 1012 3225 praesertim
1032 3169 1048 3210 a
1071 3151 1200 3210 secundo
1223 3151 1319 3213 bello

199 3253 307 3336 Punico
320 3252 437 3311 multum
448 3251 591 3310 breuitate
604 3251 801 3329 discrepasse.
818 3251 922 3333 Neque
935 3255 992 3315 boc
1003 3254 1241 3334 itainprobabile
1259 3268 1320 3322 est.

199 3356 313 3416 Etenim
332 3357 457 3436 aliquam
477 3356 541 3415 libri
563 3365 673 3435 partem
691 3358 791 3438 tribuit
813 3361 1001 3438 prohoemio,
1025 3365 1053 3421 in
1070 3379 1127 3442 quo
1144 3377 1202 3419 nou
1216 3378 1320 3438 parce

201 3464 300 3539 egisse
320 3463 411 3545 ipsius
432 3470 539 3541 potitae
562 3480 646 3540 quam
668 3464 735 3542 alibi
750 3465 847 3524 notaui
864 3465 1004 3542 φιλαυτία
1018 3467 1138 3543 arguta
1155 3465 1190 3524 Ni
1206 3468 1319 3529 mirum

128 3578 134 3585 '
200 3568 257 3629 boc
281 3571 358 3645 agit,
389 3577 419 3627 ut
440 3569 616 3650 obtrectans
636 3566 738 3628 Naeuii
764 3571 866 3648 poesi,
895 3588 980 3648 quam
1003 3570 1038 3630 ab
1059 3571 1122 3631 rudi
1143 3570 1319 3634 Faunorum

202 3683 287 3734 cantu
315 3675 379 3733 iere
407 3693 463 3734 non
492 3675 600 3734 distare
630 3674 796 3752 praedicat,
824 3695 875 3736 sua
896 3659 997 3736 merita
1018 3660 1317 3754 laudibus-extollat.

201 3778 246 3846 ct.
269 3779 464 3841 tut—226:
498 3782 526 3839 in
555 3779 658 3858 quibus
686 3779 764 3858 qnod
793 3781 922 3841 editores
951 3782 1126 3860 haecquae
1157 3764 1228 3858 sunt·
1246 3799 1317 3848 onte
1378 3775 1379 3784 ¹

200 3891 274 3946 bunc
300 3885 422 3944 Ennium
449 3902 508 3945 uon
538 3885 574 3946 ue
604 3904 636 3944 se
668 3885 720 3945 sed
748 3886 785 3945 de
808 3884 920 3945 Naeuio
953 3887 1060 3964 efferre
1093 3892 1201 3968 opinati
1230 3905 1313 3972 sunt,
1378 3955 1379 3960 ,

202 3989 377 4050 Ciceronem
403 3991 481 4050 Brut.
509 3990 564 4067 18,
592 3992 629 4050 71
661 3993 762 4051 nescio
786 4009 871 4070 quam
893 3992 1087 4070 incogitanter
1108 3998 1311 4076 inspexerunt.
1378 3995 1379 4072 ζ

203 4095 348 4181 Gloriatur
376 4106 469 4156 autem
491 4096 599 4156 Ennius
629 4105 658 4156 et
682 4097 745 4155 iure
773 4095 933 4176 gloriatur,
965 4100 1042 4178 quod
1068 4103 1310 4180 primus-heroos
1378 4131 1379 4184 ι

203 4203 305 4264 ιίοιειιο
330 4219 403 4284 quos
432 4208 526 4283 tenpus
554 4203 662 4282 (utrum
688 4203 745 4267 hoc
770 4223 845 4266 nexu
874 4223 910 4268 an
933 4206 1001 4267 alibi
1021 4225 1089 4295 nou*
1099 4209 1201 4282 dirimo
1211 4229 1224 4290 ,·
1252 4213 1310 4284 inc,
1378 4185 1379 4268 l
