2752 4944
496 356 737 428 nutrovrnn

161 567 187 622 ,
586 522 645 594 ιι*

158 655 317 750 Vndique
337 655 540 726 conueniunt
561 657 616 727 uel
638 660 676 728 ut
696 655 800 730 imber
818 656 885 728 tela
903 656 1049 730 tribuno:

158 759 343 852 configunt
360 781 525 850 parmam,
551 760 647 830 tinnit
667 761 819 832 astilibus
840 761 941 832 umbo

155 865 284 934 Acrato
305 862 416 932 sonitu
435 862 570 954 galeae:
598 864 658 934 sed
675 885 737 934 nec
754 867 832 956 pote
852 865 1025 959 quisquam

157 966 317 1060 Vndique
339 965 472 1035 nitendo
491 988 613 1058 corpus
638 965 825 1059 discerpere
845 969 943 1040 ferro.

70 1075 129 1137 435
156 1069 299 1160 Semper
317 1069 523 1140 obundantes
545 1069 659 1140 hastas
682 1071 871 1164 frangitque
894 1072 1079 1164 quatitque:

156 1173 279 1242 Totum
298 1171 402 1243 sudor
420 1171 518 1243 habet
538 1195 660 1266 corpus
683 1174 887 1271 multumque
906 1175 1032 1245 laborat

156 1277 226 1346 Neo
244 1274 427 1366 respirandi
444 1275 481 1344 lit
498 1277 609 1368 copia:
637 1282 795 1369 praepete
814 1279 903 1348 lerro

110 1471 112 1476 Ι
146 1378 264 1449 'Histri
285 1379 352 1449 tela
376 1400 474 1449 manu
493 1379 650 1452 iacientes
672 1381 901 1452 sollicitabant.

540 1507 543 1524 “
593 1531 635 1601 ιιι

387 1649 465 1720 aere
482 1648 575 1720 lulua

571 1781 621 1854 IV
634 1781 651 1819 a

155 1897 285 1969 Gellius
298 1891 393 1969 XVII
406 1907 443 1970 21
469 1897 657 1970 ‘Claudium
675 1903 708 1970 et
721 1899 918 1982 Tuditanum
936 1902 1091 1971 consules
1106 1923 1166 1970 se-

59 2005 172 2071 cuntur
194 2001 234 2086 O.
249 2002 406 2073 Valerius
424 2007 457 2073 et
470 2001 509 2074 C.
525 2001 693 2074 blanilius'
714 2002 777 2095 (C.]
795 2004 941 2074 consul
957 2003 1041 2097 Reg.
1056 2004 1164 2097 Lugd.

60 2105 173 2176 sedin
202 2107 266 2175 hoe
293 2107 513 2178 emanilius
545 2108 664 2178 rubrio.
693 2105 726 2175 in
755 2128 822 2200 mg.
879 2107 1028 2192 manib;
1064 2107 1163 2177 Voss.

60 2305 150 2356 Ennius
164 2307 232 2358 libro
242 2308 341 2360 xvut:
359 2307 462 2375 [grume
475 2306 599 2376 dirigere]
613 2309 680 2360 dixit
694 2309 883 2373 degrumari
896 2307 1024 2360 serrum.
1051 2307 1165 2360 Lucilius

59 2373 99 2423 lib.
120 2377 164 2426 lll:
196 2379 316 2441 uiamque
335 2377 567 2446 Degrumabis,
594 2387 621 2428 ut
647 2380 674 2428 in
698 2379 788 2428 cestris
813 2393 915 2429 mensor
932 2377 993 2429 lacit
1016 2379 1094 2430 olim'

59 2443 77 2491 ll
91 2445 233 2497 Macrobius
246 2447 300 2498 Sat.
313 2448 348 2498 Vl
360 2445 377 2499 3
390 2464 417 2515 p.
431 2447 483 2501 516
496 2449 553 2498 dan.
578 2449 716 2498 ‘Homerus
729 2448 761 2498 de
775 2447 863 2498 Aiacis
875 2447 935 2498 lorti
948 2463 1037 2514 pugna
1049 2450 1096 2500 ait:
1120 2446 1162 2514 [ll.

61 2511 88 2560 Π
99 2515 156 2581 102]
178 2514 251 2575 Αἴας
266 2507 297 2565 δ’
317 2507 412 2569 οὐκέτ’
430 2510 540 2582 ἔμιμνε·
558 2509 671 2636 βιάζετο
690 2507 742 2584 γὰρ
761 2511 896 2586 βελέεσσι·
920 2512 1023 2583 Δαμνα
1040 2533 1090 2583 μιν
1109 2515 1164 2598 Z'q-
1189 2517 1194 2536 ⁸

59 2573 103 2640 νός
122 2599 152 2634 τε
177 2579 248 2646 νόος
273 2581 321 2636 καὶ
348 2587 374 2636 Τ
389 2583 442 2645 :ciac
466 2582 556 2653 οἶμαυο
592 2579 763 2645 Βάλλοντες·
793 2577 893 2668 δεινὴν
916 2577 948 2636 db
971 2581 1037 2651 περὶ
1063 2601 1164 2652 κροτα-

60 2665 132 2714 φοισι
156 2649 265 2720 φαεινή
289 2647 373 2740 Hq'tq
412 2651 533 2745 potitoque
593 2649 722 2722 καναχὴν
747 2648 806 2721 ἔχε·
832 2652 947 2725 patrm
971 2645 1002 2704 δ’
1016 2649 1075 2706 αἰεί
1096 2644 1164 2706 nde

59 2714 156 2790 φάλαρ’
173 2715 330 2790 εὐποίηθ’·
358 2722 409 2775 od
440 2716 552 2790 αριστερ
572 2741 588 2776 ν
608 2712 687 2790 ω’μον
711 2718 831 2791 ἔκαμνεν
845 2715 990 2791 'Epeiros
1011 2717 1073 2776 actv
1092 2717 1164 2790 ἔχων
1196 2777 1199 2788 ,

59 2783 137 2851 σάκος
154 2787 271 2845 αἰόλον·
300 2785 367 2844 οὐδ’
385 2786 523 2845 ἐδύναντο
545 2786 625 2860 ’Ἀμφ’
643 2786 721 2863 αὐτῷ
741 2789 887 2860 πελεμίξαι
911 2784 1067 2858 ἐρείδοντες
1090 2791 1164 2864 datd-

59 2873 144 2910 εστιν·
162 2858 225 2914 Atat
244 2854 275 2913 d'
294 2855 419 2934 ἀργαλέῳ
436 2856 509 2930 ἔχετ’
528 2855 669 2930 ἄσθματι,
686 2856 742 2914 κὰδ
760 2857 794 2914 da'
811 2858 841 2914 oi
858 2857 945 2930 [δρός
962 2856 1116 2916 advenae
1133 2853 1164 2914 ἐκ

58 2924 154 2992 μελέων
169 2925 234 3000 ῥέεν
251 2922 383 2998 ἄσπετος,
403 2924 472 2984 etot
484 2949 525 3002 πῃ
540 2926 616 3000 εἶχεν
630 2925 806 2998 Ἅμπνεῦσαι,
826 2926 920 3002 πάντῃ
932 2924 964 2983 di
982 2925 1072 2984 κακὸν
1084 2931 1164 3001 κακῷ

59 2988 207 3067 ἐστήρικτο.
231 3005 303 3053 Hunc
316 3005 400 3054 locum
411 3005 508 3055 iinnius
521 3005 547 3054 in
560 3006 647 3069 quinto
661 3004 760 3054 decimo
772 3005 806 3054 ad
815 3019 928 3071 pugnam
936 3003 1001 3054 Gelil
1013 3005 1108 3054 tribuni
1121 3004 1163 3054 bis

59 3073 167 3124 uersibus
179 3073 314 3124 transfert:
327 3075 450 3138 undique’
466 3091 489 3125 e.
501 3090 525 3137 q.
537 3089 559 3124 s.
574 3075 648 3124 ‘binc
657 3074 788 3140 Vergilius
801 3073 910 3124 eundem
921 3075 1005 3124 locum
1020 3074 1052 3124 de
1064 3075 1163 3124 incluso

59 3137 135 3191 Turno
148 3145 232 3210 gratia
247 3143 403 3209 elegantiore
416 3145 571 3210 composuit:
589 3141 664 3210 [Aen.
678 3143 714 3192 lX
727 3141 897 3209 ooo-8141:
922 3143 978 3211 (Ad
990 3143 1058 3194 buno
1070 3144 1163 3195 tibrum

59 3212 301 3264 rettulitF.llitterus
307 3213 532 3278 Ephem.1)armst.
544 3213 611 3266 1840
619 3229 645 3280 p.
654 3211 715 3264 388.
743 3214 775 3263 in
785 3213 833 3263 XV
845 3213 946 3280 Anglic.
959 3212 1053 3264 Salisb.
1067 3214 1134 3264 Med.
1148 3229 1163 3264 a

60 3278 424 3333 bc.induodecimoPar.
458 3282 912 3349 CeliiJceliAnglic.GoeliiPar.
926 3281 1163 3334 unanimorum

59 3349 117 3398 conl.
135 3353 193 3402 Liu.
208 3352 304 3402 XLli.
330 3351 363 3402 of.
375 3354 404 3402 F.
416 3353 557 3403 liitterusl.
570 3350 607 3416 s.)
678 3353 714 3403 111
733 3351 830 3402 Gellius
848 3352 954 3404 xlttto
980 3357 1081 3403 ‘contra
1100 3368 1162 3408 uero

60 3417 120 3469 idem
128 3422 225 3472 Ennius
235 3423 260 3470 in
272 3421 356 3472 annali
367 3422 586 3482 duodeuicesimo'
599 3420 802 3488 (duodeuice
810 3423 912 3472 naimo
922 3419 1060 3488 Magliab.)
1074 3425 1163 3472 ‘aere
1242 3433 1250 3442 ·

61 3485 145 3540 fulua
163 3492 230 3541 dixit
248 3505 298 3540 non
311 3490 403 3542 fuluo
411 3531 418 3560 ,
437 3507 487 3568 nqm
500 3493 532 3542 ob
543 3492 570 3542 id
582 3492 665 3541 solum
678 3492 746 3554 quod
759 3491 883 3541 Homerus
901 3481 972 3555 ἠέρα
984 3487 1108 3558 βαθεῖαν
1124 3491 1163 3540 di-

59 3557 101 3617 cit,
114 3561 159 3610 sed
173 3560 242 3625 quod
257 3561 300 3610 bio
311 3575 388 3610 sonus
403 3563 494 3637 opiptor
507 3562 650 3612 uocabitior
662 3568 700 3611 est
714 3562 786 3610 uisus
799 3569 823 3610 et
837 3561 984 3610 amoenior!
1010 3560 1080 3610 idern
1094 3561 1117 3608 ll
1128 3559 1163 3610 26
1216 3607 1223 3614 .

61 3625 184 3682 ‘luluns
200 3637 285 3680 autem
295 3630 396 3681 uidetur
408 3632 440 3681 de
453 3632 510 3683 rulo
523 3639 598 3694 atque
610 3631 688 3680 uiridi
701 3633 797 3680 mixtus
815 3631 840 3678 in
859 3630 917 3679 aliis
933 3629 992 3694 plus
1007 3629 1112 3688 uiridis,
1135 3631 1161 3678 in

60 3693 111 3746 aliis
124 3699 182 3764 plus
199 3699 248 3750 roll
266 3698 377 3761 habere;
399 3703 437 3752 sic
454 3703 531 3767 potita
546 3701 683 3751 uerborum
700 3700 912 3768 diligentissimus
933 3697 1031 3748 luluam
1048 3698 1161 3761 aquilam

60 3763 115 3815 dicit
132 3778 156 3819 et
172 3770 300 3837 iaspidem
317 3795 353 3807 -
373 3772 462 3834 sicque
474 3772 571 3821 Ennius
588 3771 614 3820 in
627 3769 762 3828 annalibus
780 3771 856 3819 abre
873 3768 967 3818 fuluo
985 3767 1068 3818 dixit:

59 3871 262 3890 ¹-*·—-·n—-

95 3941 144 3999 431
173 3943 251 3998 uelut
274 3943 338 3999 libri
442 3949 496 4006 432
524 3945 650 4003 astilibus
677 3943 776 4000 Sanco.
804 3943 952 4001 hastilibus
974 3943 1058 3998 ceteri

60 4024 104 4080 tus
129 4027 306 4083 obundantes
328 4028 481 4086 Pomanus.
503 4029 679 4086 abundantes
701 4029 775 4094 libri,
802 4031 857 4084 οιέι·
873 4029 947 4103 qood
966 4026 1161 4082 habundantes

60 4103 142 4180 Necp.
165 4111 341 4169 adundantes
365 4114 557 4170 Castricomius
573 4114 701 4171 Merulae
805 4117 859 4172 438
881 4113 992 4169 Histrici
1013 4112 1051 4167 ait
1072 4111 1162 4183 Neop.

60 4190 230 4335 {spndqtprob
240 4199 334 4271 poli
344 4198 412 4253 Ion.
431 4199 512 4255 ‘libro
526 4199 646 4255 secundo
660 4197 723 4254 belii
731 4197 848 4253 Histrici
860 4200 911 4254 ait’
1018 4200 1071 4256 cett
1086 4197 1161 4253 fuluo

110 4280 116 4291 '
172 4285 207 4341 26
234 4319 248 4331 a
1088 4305 1099 4332 x

97 4375 206 4435 Eunrvs.
423 4368 428 4374 ’
933 4373 953 4437 5
