2770 4946
515 371 757 442 Rattovtna
1062 434 1065 442 ,
1129 321 1192 432 ld!

605 537 640 608 V
654 537 670 576 a

176 657 263 742 Ctir,
298 658 388 752 quod
414 658 525 730 inme
553 661 622 744 est,
659 659 860 730 exsecrabor
888 657 952 728 hoc
980 659 1069 751 quod
1093 659 1189 746 lueet,

742 759 900 856 quidquid
923 761 998 832 est?

610 877 657 948 Vl

181 1045 503 1064 ......
556 1017 630 1066 cum
652 995 772 1068 saxum
792 995 955 1068 sciciderit

604 1129 667 1200 Vll

178 1245 309 1316 Gellius
331 1243 365 1314 V
388 1255 423 1315 11
459 1247 561 1318 ‘inter
583 1249 669 1320 enim
698 1250 949 1341 pulcherrimam
977 1233 1130 1320 feminam
1157 1254 1190 1322 et

65 1348 354 1420 deformissimam
390 1349 497 1421 media
530 1353 637 1423 forma
668 1353 829 1447 quaedam
860 1359 911 1424 est
1032 1354 1188 1447 qualisa

66 1453 199 1537 Quinto
214 1453 321 1522 Ennio
339 1453 632 1547 inMenalippa'
654 1457 910 1550 (Melanippa
926 1457 1079 1526 Rottend.
1093 1456 1186 1548 Vat.)

68 1563 254 1649 ‘perquam
274 1557 419 1649 eleganti
440 1559 604 1630 uocabulo
624 1563 733 1630 stata
752 1561 869 1632 dicitur
892 1613 951 1632 ...
972 1561 1098 1632 Ennius
1122 1583 1187 1630 au-

65 1663 135 1728 tem
160 1659 196 1728 in
219 1659 283 1730 ista
310 1682 408 1753 quam
430 1661 497 1731 dixi
519 1663 693 1755 tragoedia
723 1687 795 1734 eas
818 1666 905 1734 sere
926 1665 1103 1736 seminas
1129 1663 1187 1734 ait
1240 1675 1244 1682 '

67 1763 272 1933 inopiumi
301 1763 510 1855 pudicitia
536 1787 648 1851 esse,
689 1790 794 1860 quae
821 1771 932 1864 stata
958 1769 1090 1838 forma
1118 1768 1188 1837 lo-

69 1888 176 1935 ren.

556 1969 707 2042 ΝΕΜΕΑ

626 2107 640 2177 l

82 2236 146 2297 335
176 2222 310 2295 Teneor
330 2223 497 2315 consipta,
526 2224 672 2319 undique
695 2248 809 2296 uenor.

116 2411 129 2456 p
615 2361 642 2432 ll

176 2474 303 2546 Pecudi
325 2474 404 2544 dare
428 2475 505 2545 uiua
527 2477 644 2548 marito

72 2679 165 2746 lippe
192 2676 294 2742 Anglic.
314 2691 348 2724 m.
370 2691 409 2740 pr.
432 2675 489 2726 Par.
510 2676 605 2728 Salisb.
625 2676 722 2744 Neap.)
795 2677 818 2725 V
843 2675 932 2726 Cicero
951 2676 983 2726 de
1003 2683 1054 2727 nat.
1075 2678 1150 2728 deoa'
1166 2678 1188 2727 ll

72 2750 114 2808 25,
134 2749 172 2800 65
199 2746 282 2796 ‘hunc
302 2745 393 2810 igitur’
413 2745 464 2810 (se.
488 2747 590 2812 Iouem)
615 2750 739 2806 ‘Ennium
766 2752 793 2794 ut
814 2746 978 2812 supradixi,
1003 2756 1132 2812 nuncupat
1153 2747 1189 2797 its

72 2818 176 2868 dicens:
197 2817 286 2882 aspice
303 2814 352 2864 hoc
364 2814 505 2866 sublimen'
521 2833 543 2868 e.
561 2835 585 2881 q.
603 2834 625 2868 s.
651 2817 768 2884 ‘planius
790 2830 865 2878 qnam
884 2815 935 2865 alio
955 2815 1011 2866 loco
1027 2817 1109 2866 idem:
1134 2831 1187 2876 cur,

73 2889 154 2949 quod’
181 2903 205 2936 e.
226 2900 251 2948 q.
273 2899 295 2933 s.
326 2885 381 2934 Huc
400 2885 478 2936 refert
498 2886 527 2937 0.
547 2889 703 2938 Ribbeckius
773 2887 809 2934 Vl
833 2886 979 2936 Priscianus
998 2885 1021 2936 X
1040 2902 1067 2952 p.
1086 2885 1139 2936 890
1158 2887 1185 2936 P.

17 2979 20 2984 ¹
72 2957 96 3020 (l
117 2973 145 3022 p.
160 2955 211 3005 491
230 2953 277 3018 ll.)
302 2955 449 3014 ‘scindo‚
469 2957 544 3007 scidi.
573 2957 748 3008 Vetustissimi
761 2962 845 3006 tamen
861 2957 937 3006 etiam
956 2956 1079 3005 scicidi
1102 2956 1188 3022 proie-

72 3028 163 3076 rebant
184 3051 218 3062 —
235 3051 272 3063 -
288 3023 373 3074 Attius
390 3023 567 3076 Sotadicorum
584 3027 607 3075 1:
627 3042 688 3076 num
705 3040 766 3091 ergo
783 3025 870 3089 aquila
886 3026 922 3074 ita
941 3032 969 3073 ut
985 3024 1012 3074 hi
1030 3026 1187 3091 praedicant,

74 3097 212 3146 sciciderat
225 3109 257 3144 ea
267 3094 375 3158 pectus?
441 3095 537 3146 Ennius
548 3097 729 3162 iaMenalippa
739 3096 785 3144 ...'
799 3093 1083 3161 (MelanippaReg.
1093 3096 1187 3146 Garlsr.

74 3167 203 3216 Halberst.
217 3164 313 3228 Lugd„
332 3177 382 3214 om.
397 3162 476 3229 Sang.
492 3165 684 3232 Menalippa
699 3162 790 3228 ceteri)
820 3164 891 3214 Idem
905 3164 1075 3230 fragmentum
1086 3166 1110 3216 ti.
1127 3166 1189 3217 Gro-

73 3237 166 3286 nouius
181 3234 328 3299 suspicatur
343 3233 404 3283 olim
419 3235 536 3286 extitisse
548 3236 624 3286 etiam
638 3235 708 3302 apud
718 3234 827 3286 Gellium
841 3235 889 3283 Vll
905 3233 921 3284 9
941 3239 1089 3300 ‘praeterea
1103 3237 1189 3286 inueni

75 3321 90 3354 a
108 3306 190 3356 uerbo
210 3303 327 3354 scindo
343 3302 422 3353 simili
439 3305 536 3356 ratione
555 3321 605 3356 non
619 3306 730 3370 sciderat
742 3303 788 3354 sed
806 3304 986 3354 sciciderat
1007 3305 1103 3354 dictum
1121 3321 1187 3356 esse.

75 3375 103 3423 L.
124 3375 212 3424 Attius
232 3374 257 3422 in
278 3371 456 3422 Sotadicorum
474 3374 564 3425 librol
581 3374 717 3426 sciciderat
735 3373 809 3424 dixit.
846 3374 933 3422 Verba
949 3372 1013 3424 haee
1030 3381 1102 3424 sunt:
1128 3390 1187 3423 num

75 3443 244 3510 ergo'aquila
262 3443 299 3491 ita
313 3449 340 3490 nt
353 3441 380 3492 hi
394 3443 556 3509 praedicant,
573 3445 709 3495 sciciderat
721 3459 751 3495 ea
762 3443 869 3508 pectus?
887 3443 983 3492 Ennius
997 3457 1097 3507 quoque
1112 3444 1189 3494 Vale

74 3515 126 3563 rius
142 3514 235 3562 Antias
254 3512 281 3560 iu
300 3511 365 3561 libro
383 3512 547 3564 historiarum
564 3514 659 3565 LXXV
675 3515 754 3565 uerba
769 3511 833 3562 haec
850 3512 965 3576 scripsit:
990 3513 1084 3564 deinde
1100 3512 1189 3563 lunera

76 3584 158 3634 locato
173 3583 207 3632 ad
220 3581 304 3632 torum
320 3581 498 3634 descendidit.'
622 3623 625 3630 .

109 3653 213 3703 Nantua
250 3649 383 3702 lNonius
403 3668 430 3719 p.
447 3652 505 3714 183,
522 3651 555 3704 13
580 3655 706 3711 ‘uenor‚
731 3651 925 3700 circumuenior.
959 3650 1056 3700 Ennius
1075 3650 1190 3702 Nemea

79 3723 130 3772 ...’
157 3722 305 3788 (manea,
325 3721 371 3771 sed
385 3737 449 3771 corr.
464 3732 491 3772 ut
504 3723 673 3782 sitnemea,
691 3721 735 3770 W.
756 3715 1014 3783 MedcaBentinns)
1040 3719 1079 3770 Gi.
1095 3720 1188 3770 Paulus

78 3792 144 3843 Festi
171 3807 197 3858 p.
215 3790 249 3842 62
268 3789 302 3840 Μ.
330 3793 531 3858 ‘consiptum
555 3790 624 3857 apud
645 3791 755 3841 Ennium
774 3804 820 3856 pro
843 3797 992 3855 conseptum
1011 3789 1154 3855 reperitur!

112 3863 134 3911 ll
159 3861 307 3911 Priscianus
320 3861 343 3910 V
359 3875 385 3926 p.
400 3861 452 3912 aaa
464 3863 492 3913 Ρ.
506 3863 531 3929 (1
545 3875 572 3926 p.
588 3860 637 3912 197
649 3858 695 3926 li.)
715 3859 771 3910 ‘hic
786 3867 810 3910 et
823 3857 887 3910 haec
905 3866 930 3909 et
947 3858 996 3910 hoc
1014 3875 1122 3926 pecus.
1138 3861 1189 3910 lin-

80 3973 292 3984 --—-—-

119 4041 173 4096 333
194 4051 245 4093 eur
260 4033 329 4108 nep.
350 4035 480 4092 canna.
502 4035 547 4091 cut
563 4036 648 4091 ceorr
731 4003 795 4109 ticet
815 4003 951 4112 qualique
973 4041 1016 4106 est
1036 4037 1125 4104 (em.
1145 4049 1191 4090 ea-

82 4123 139 4178 dem
154 4124 206 4191 m.)
228 4119 309 4176 Vind.
395 4123 449 4178 eet
470 4119 629 4176 scisciderit
648 4117 754 4176 Oarlsr.
773 4119 857 4192 Rep..
879 4120 930 4176 sed
945 4121 964 4175 it
977 4135 1016 4177 ex
1030 4125 1057 4176 at
1072 4133 1147 4173 corr.

121 4212 173 4266 335
195 4205 324 4278 consipta
344 4204 456 4262 Vossius
470 4219 508 4262 ex
520 4205 620 4261 Paulo.
635 4211 772 4277 concepta
793 4205 836 4260 W.
853 4209 988 4277 consepta
1002 4205 1088 4261 ceteri
1099 4202 1163 4258 libri

122 4296 174 4352 336
196 4291 263 4346 uiua
278 4290 429 4347 deteriores
444 4291 522 4348 codd.
537 4291 603 4347 uiui
612 4291 700 4348 Bam.
715 4307 751 4346 m.
767 4290 814 4346 alt.
827 4305 903 4346 corr.
918 4291 1012 4346 uiuam
1025 4288 1095 4360 Rep-
1108 4285 1191 4362 Scap.
