2798 4934
498 376 725 432 ENNIANAE
1107 387 1168 436 th

145 543 194 608 Fr.
220 539 289 600 XIX
309 547 452 616 solporeas
475 546 568 614 pararit
592 545 746 616 spiramina
769 543 855 598 Nora
879 543 919 600 ad
943 545 1051 618 andos,
1086 543 1167 603 ouius

57 667 179 708 sensum
221 648 350 708 editores
381 662 439 706 non
477 645 663 723 indagarunt,
704 643 815 720 llugius
849 645 951 706 neseio
987 665 1072 725 quem
1110 648 1167 708 diei

58 753 220 829 censebat,
248 755 295 831 qui
321 753 356 813 ad
384 751 469 812 Naris
500 750 589 810 undas
613 758 735 808 mortem
765 749 887 810 obierit:
915 751 973 812 hoa
1001 755 1075 814 euim
1097 755 1167 814 illud

57 879 127 919 esse
153 859 231 939 quod
254 867 343 938 poeta
356 858 441 918 dieat
462 861 617 932 spiramina
633 860 743 929 posnim
764 872 934 934 quamquam
957 861 1019 920 eius
1042 861 1166 920 locutio-

56 969 102 1025 nis
140 965 305 1044 euemplum
338 981 396 1022 nou
424 961 543 1040 repperi
572 969 690 1038 praeter
716 959 774 1020 hoo
804 963 882 1038 quod
912 963 1047 1024 Valerius
1076 963 1166 1026 Maxi·

55 1091 121 1130 mus
152 1071 206 1130 Vll
228 1070 264 1146 8,
288 1070 307 1129 8
332 1070 402 1129 dicit
424 1075 551 1144 spiritam
572 1073 675 1141 posuit.
735 1065 780 1125 De
805 1064 911 1129 Narnia
937 1071 1052 1130 colonia
1082 1091 1167 1151 quam

56 1197 84 1238 a.
102 1196 173 1237 n.o.
196 1177 258 1237 453
284 1178 314 1235 in
345 1173 424 1234 bello
448 1173 603 1232 Samnitico
633 1172 720 1230 tertio
748 1172 900 1234 deductam
930 1194 998 1237 esse
1024 1177 1168 1238 liuiusX

58 1284 99 1342 10
136 1293 250 1358 narrat,
289 1280 412 1355 eogitari
443 1279 558 1357 nequit,
598 1277 652 1336 nisi
681 1277 745 1354 quis
770 1295 824 1357 pro
850 1277 904 1339 Vll
938 1299 1083 1360 reponere
1112 1281 1167 1344 llll

55 1388 141 1448 uelit.
188 1385 234 1447 ot.
256 1383 394 1445 Martialis
411 1385 505 1463 epigr.
523 1383 578 1443 Vll
591 1383 632 1444 93
655 1387 765 1444 Narnia
787 1390 938 1461 snipbnreo
959 1408 1042 1462 qnam
1061 1395 1168 1465 perpete

54 1500 197 1554 candidas
217 1498 306 1552 amnis
327 1495 437 1550 Circaeit.
485 1490 530 1550 De
549 1489 627 1550 Nare
646 1490 734 1550 fluuio
753 1491 819 1552 uide
839 1491 1000 1569 Vergilium
1019 1493 1093 1554 Aen.
1113 1494 1168 1556 Vll

54 1601 119 1660 517
145 1608 175 1658 et
195 1599 327 1658 Seruium
346 1597 375 1655 in
394 1595 422 1654 h.
441 1596 460 1654 l.

145 1705 212 1765 Duo
234 1721 309 1782 quae
335 1710 484 1780 postremo
513 1701 580 1762 loco
610 1703 710 1780 posui:
739 1713 899 1764 marescant
922 1707 1042 1779 frondes
1068 1708 1083 1785 (
1139 1711 1180 1788 )‚·

56 1810 139 1890 quod
160 1809 311 1871 frustulum
334 1806 504 1868 hariolando
527 1808 624 1885 possis
643 1807 698 1868 aaa
718 1826 756 1868 ex
777 1808 895 1868 insertis
913 1811 1055 1886 particula
1081 1821 1170 1872 terrai

53 1921 217 1993 srnpiferoi
237 1917 308 1994 (ino.
332 1914 395 1974 sed.
415 1912 513 1992 XXX)
537 1914 565 1972 in
581 1915 724 1990 integrum
744 1913 940 1974 hexametrum
958 1918 1114 1996 supplere,
1138 1929 1167 1978 et

56 2030 187 2099 lonpiqne
201 2029 334 2098 obpressi
355 2025 435 2080 Stant
455 2028 537 2079 rectis
556 2025 631 2096 foliis
647 2031 673 2080 et
690 2029 793 2079 amaro
806 2039 924 2095 corpore
942 2024 1046 2082 bnanm
1066 2023 1166 2106 (XXI)

57 2146 96 2187 ne
128 2127 198 2186 olim
227 2128 342 2206 quidem
370 2125 485 2204 longius
515 2128 645 2186 seiuncta
674 2125 764 2184 fuisse
793 2127 935 2188 uidentur.
986 2127 1017 2188 ln
1047 2145 1168 2206 quorum

58 2234 241 2291 consortium
262 2233 370 2292 addere
391 2251 429 2292 ex
450 2234 570 2292 incertis
589 2232 715 2291 iortasse
738 2232 823 2290 etiam
845 2230 918 2292 haec
939 2233 1024 2293 lieet:
1043 2241 1167 2310 papaten

55 2342 125 2413 fras
154 2338 226 2415 (ino.
249 2339 311 2399 sed.
334 2337 470 2417 xcvltt)
500 2346 529 2397 et
558 2359 619 2398 cnm
646 2345 716 2398 soles
744 2343 852 2397 tandem
880 2341 991 2413 faciunt
1019 2345 1169 2416 tonpr'srere

57 2449 139 2519 lonae
163 2444 235 2521 (ino.
261 2445 323 2504 sed.
346 2443 469 2524 XXXI).

146 2549 279 2629 Denique
307 2550 430 2612 uerbulo
458 2566 590 2609 moneam
616 2548 709 2608 adhue
731 2548 845 2609 duobus
872 2568 909 2610 ex
931 2552 1050 2612 insertis
1077 2571 1166 2632 posse

57 2655 189 2715 tortasse
220 2657 249 2715 in
278 2656 336 2715 boe
364 2656 438 2715 libro
467 2656 563 2716 ionum
593 2656 733 2716 concedi:
768 2655 834 2714 dioo
869 2656 904 2720 fr.
930 2655 1040 2716 XXVll
1068 2664 1167 2718 zadiar

56 2770 145 2819 uncio
172 2767 271 2820 carino
293 2782 350 2838 per
377 2783 499 2838 aequora
528 2782 600 2822 carna
628 2769 725 2822 cataro
749 2769 778 2820 et
800 2761 836 2819 ln.
859 2759 956 2821 XXlX
980 2767 1168 2824 Brundusium

51 2873 158 2943 putero
174 2873 366 2943 praecinctam
383 2877 518 2943 praepote
528 2877 648 2942 portast.
693 2866 817 2944 Propter
838 2867 969 2928 solonem
991 2872 1066 2930 euim
1089 2887 1167 2930 oom-

57 2982 248 3032 memoratam
270 2975 323 3051 (de
345 2973 449 3034 eeloee
472 2972 540 3032 uide
560 2973 645 3031 etiam
663 2971 787 3033 Gellium
807 2971 835 3031 X
853 2972 892 3033 25
913 2983 942 3034 et
964 2975 1081 3036 Soidam
1102 2995 1125 3034 s.
1138 2995 1166 3036 u.

58 3077 164 3157 κέλης)
187 3098 251 3138 oum
265 3079 355 3152 Ennii
376 3097 480 3154 uersu,
503 3095 588 3157 quam
611 3078 721 3136 inserte
744 3079 809 3156 ipse
832 3077 937 3155 uideo,
971 3082 1121 3160 composui
1150 3099 1166 3138 a

60 3179 196 3242 Charisio
215 3184 243 3244 ll
261 3203 290 3264 p.
307 3186 366 3248 183
381 3186 412 3246 P.
436 3205 453 3245 e
471 3183 566 3244 Goelii
585 3183 767 3242 historiarum
790 3185 883 3262 primo
903 3186 1034 3247 traditam
1056 3203 1160 3246 memo·

60 3288 148 3347 riam:
179 3293 358 3367 Sempronius
378 3297 506 3370 Lilybaeo
533 3295 648 3366 celocem
670 3295 699 3347 in
720 3294 848 3367 Africam
869 3299 946 3352 mittit
966 3300 1058 3352 misere
1079 3297 1168 3354 loetum

60 3398 108 3452 nbi
129 3403 281 3456 exaratum
301 3408 432 3473 exponat.
473 3397 518 3457 De
541 3413 573 3453 re
595 3393 633 3452 ol.
656 3393 807 3469 Polybium
824 3395 902 3458 139.
942 3398 987 3458 ne
1006 3398 1167 3458 Brundusio

61 3508 157 3558 autem
183 3519 299 3562 uersum
322 3521 379 3562 nou
407 3505 444 3564 ita
473 3499 656 3578 improbabile
684 3509 729 3558 est
751 3501 790 3560 ibi
817 3512 934 3582 potitam
955 3505 1096 3563 extulisse
1118 3503 1166 3562 ubi

61 3606 207 3666 coloniam
225 3618 350 3668 exeunte
366 3609 445 3669 bello
461 3609 569 3669 Punioo
587 3587 678 3684 primo
703 3606 757 3683 (ai.
774 3609 844 3676 Liuii
862 3609 931 3670 XlX
949 3609 1105 3688 periocha)
1128 3626 1165 3668 eo

60 3710 216 3772 deductam
237 3723 380 3791 taugeret.

148 3817 324 3880 Ostauum
346 3811 508 3880 annalem
529 3826 618 3898 poeta
636 3822 664 3880 iu
682 3822 771 3882 rebus
791 3822 1006 3884 Hannibalis
1025 3820 1164 3900 inpendit,

61 3925 125 3983 siue
150 3923 207 3984 hoa
233 3925 342 3985 beilum
358 3925 515 3997 incohauit
542 3928 599 3988 hoo
622 3929 714 4005 libro,
746 3932 808 3989 siue
835 3929 906 3990 belli
929 3930 1010 4009 quasi
1040 3928 1166 4006 prohoe-

61 4031 147 4088 mium
170 4032 198 4090 in
215 4030 352 4111 Hispania
374 4040 468 4090 autum
490 4033 545 4092 iam
567 4034 594 4090 in
617 4035 740 4111 septimo
763 4036 907 4113 exposuit.
954 4032 998 4093 Cf.
1022 4053 1050 4113 p.
1067 4034 1166 4096 LVllI.

62 4134 161 4214 Atque
184 4137 212 4195 in
234 4137 331 4196 limine
359 4137 442 4196 huius
471 4137 536 4198 libri
559 4157 662 4198 uersus
686 4141 770 4218 posui
799 4157 852 4200 eos
880 4139 983 4217 quibus
1006 4147 1095 4217 poeta
1116 4139 1166 4200 de·

62 4239 215 4300 testabiles
244 4241 315 4302 belli
344 4242 522 4304 calamitates
549 4261 606 4302 uon
628 4242 700 4326 :sine
728 4247 831 4321 uigore
859 4245 989 4324 depinxit
1020 4246 1072 4324 (ll.
1092 4246 1165 4328 lll):
