2770 4946
506 376 747 446 unnrovmn
1121 365 1182 434 ltt

172 548 349 620 Praeterea
367 549 408 618 ed
423 547 554 618 Troiam
572 567 646 617 cum
665 543 738 616 misi
754 544 800 662 ob
819 545 1058 616 de'lendendam
1073 547 1182 619 Grae'-

172 753 305 824 Serbam
334 777 387 824 me
416 754 449 824 iu
480 754 684 824 mortiterum
719 671 857 926 gil}
895 752 961 822 non
997 753 1029 822 in
1065 751 1181 846 epulas

734 876 778 926 nn
826 876 872 926 re.

592 974 640 1045 1v

132 1199 137 1210 1
174 1094 266 1164 More
297 1094 432 1188 antiquo
457 1093 577 1165 audibo
607 1073 707 1187 atoue
731 1091 835 1267 tprurisd
852 1091 909 1264 tlp'bi
934 1096 1049 1164 contra
1080 1097 1180 1164 uten-

753 1217 791 1264 ss
837 1217 910 1266 ao.

609 1315 641 1384 V

72 1461 143 1523 365
172 1451 290 1523 Scibas
315 1454 429 1522 natum
442 1451 636 1545 ,ingenuum
655 1451 807 1538 Aiacem,
841 1452 894 1522 eui
915 1457 950 1522 tu
974 1453 1198 1524 obsidionem·

730 1577 839 1647 paras,

601 1673 649 1744 Vl

175 1809 255 1878 Nam
278 1809 323 1878 ita
347 1808 423 1879 mihi
441 1807 629 1881 Telamonis
653 1809 773 1903 patris,
788 1809 857 1926 'aui
880 1808 982 1880 Ae'aci
1009 1811 1042 1879 et
1061 1810 1181 1901 proaui

174 2012 275 2086 Grtta
302 2019 354 2086 est
380 2013 488 2108 gratie
518 1912 841 2188 516565051611Ξ18111
873 2015 1045 2086 candidum
1077 2014 1179 2086 oleret

733 2143 775 2190 nu
800 2141 820 2190 1.

61 2322 145 2371 Taso,
160 2320 228 2388 disp.
245 2321 282 2370 lll
296 2319 338 2382 13,
350 2319 385 2372 28
404 2320 535 2371 ‘uidentur
552 2321 620 2372 enim
635 2323 720 2372 omnia
734 2323 866 2388 repentina
882 2322 1010 2389 graulora.
1040 2320 1079 2370 Ex
1093 2319 1142 2370 hoo
1155 2327 1180 2371 et

63 2391 115 2441 illa
129 2392 186 2440 inre
199 2389 348 2441 laudantur:
368 2406 426 2458 ego
441 2393 522 2441 eum·
542 2407 565 2441 e.
583 2407 607 2455 q.
624 2407 646 2442 s.
673 2392 772 2442 Ibidem
785 2394 828 2452 24,
844 2391 878 2444 58
898 2397 990 2455 ‘atque
1007 2390 1057 2440 hoo
1072 2389 1140 2440 idem
1155 2399 1180 2442 et

62 2461 200 2512 Telemo
223 2461 267 2512 ille
282 2460 394 2512 declarat
414 2459 501 2528 [361]’
525 2462 631 2528 (Totum
643 2477 747 2513 uersum
760 2463 881 2514 exhibent
895 2462 976 2512 Merb.
990 2461 1080 2512 Duisb.
1095 2459 1177 2512 Oxou.

62 2547 147 2592 nnus,
168 2537 192 2580 et
205 2530 291 2580 uerbis
304 2531 401 2597 genui
474 2531 594 2582 sustuli
608 2547 642 2582 m.
658 2531 701 2582 alt.
717 2533 836 2598 ascriptis
851 2533 914 2598 Reg.
930 2545 987 2597 ego
1003 2546 1070 2580 cum
1083 2531 1179 2596 genui

64 2603 260 2652 moriturum
275 2602 362 2652 sciui
375 2600 471 2652 Viudd.
490 2602 588 2652 Moneo.
604 2603 620 2652 b
635 2602 717 2653 Rehd.
733 2611 757 2654 et
771 2601 866 2653 additis
880 2618 913 2650 m.
931 2598 975 2650 alt.
990 2601 1179 2652 moriturum

63 2671 157 2721 soiui
176 2671 252 2722 Bern.
275 2687 332 2737 ego
353 2687 419 2722 eum
440 2673 537 2738 genui
556 2669 647 2736 ueteri)
679 2671 777 2722 Seneca
794 2672 828 2722 ad
840 2671 929 2736 Polyb.
948 2670 981 2721 de
998 2685 1068 2720 eous.
1091 2668 1132 2730 11,
1146 2669 1180 2722 30

65 2745 181 2806 ‘quanto
196 2741 240 2792 ille
251 2741 356 2802 iustior,
377 2742 421 2807 qui
436 2744 551 2792 nuntiata
563 2741 610 2792 lllii
624 2751 705 2793 morte
717 2743 822 2808 dignam
835 2755 928 2806 magno
941 2741 997 2790 uiro
1014 2754 1102 2790 uoeem
1117 2741 1179 2790 emi-

63 2813 116 2862 sit:
142 2825 201 2877 ego
285 2812 379 2862 soiui.
414 2810 522 2862 Prorsus
537 2827 588 2862 non
604 2811 705 2862 mireris
725 2827 758 2863 ex
777 2811 826 2862 boc
845 2819 931 2861 natum
947 2826 1004 2862 esse
1018 2810 1062 2873 qui
1082 2808 1181 2862 lortitor

65 2882 134 2931 mori
154 2887 242 2947 posset
314 2897 371 2948 ego
445 2883 538 2932 solui.
572 2881 670 2932 Deinde
690 2881 784 2932 adiecit
797 2897 850 2933 rem
864 2881 969 2932 maioris
988 2887 1012 2930 et
1029 2880 1180 2947 prudentiae

65 2959 89 3002 et
107 2952 203 3000 animi:
229 2959 258 3001 et
274 2951 352 3000 huie
371 2952 417 3002 rei
437 2953 578 3003 sustuli!
608 2951 701 3002 Fronto
715 2953 747 3002 de
761 2951 829 3002 bello
842 2951 927 3002 Parth.
944 2967 970 3018 p.
986 2949 1037 3002 199
1049 2950 1090 3001 ed.
1104 2950 1178 3000 Rom.

63 3021 134 3087 (105
147 3019 239 3085 Nieb.)
259 3023 306 3070 ‘an
320 3029 450 3072 annotetur
463 3022 495 3072 de
509 3021 634 3072 militibus
648 3023 741 3072 nostris
755 3021 823 3072 Mars
837 3030 910 3088 pater
926 3021 971 3072 ille
985 3020 1089 3072 dicere?
1104 3017 1178 3086 [361]

63 3093 247 3142 Praeterea
263 3106 333 3141 eum
348 3092 386 3142 in'
406 3092 461 3158 (ob
479 3089 552 3156 aod.)
577 3095 716 3142 ‘terrarum
735 3093 822 3143 orbem
845 3091 921 3144 misi
940 3091 977 3142 ob
997 3090 1180 3142 defenden-

64 3161 140 3211 dum
153 3161 306 3227 imperinm,
327 3160 457 3212 Scibam
470 3177 516 3212 me
531 3163 563 3212 in
577 3161 751 3212 mortifera
766 3161 867 3214 bella'
883 3178 907 3214 e.
923 3178 948 3227 q.
964 3177 985 3212 s.
1006 3161 1085 3212 ‘haee
1099 3162 1179 3212 uerba

63 3230 174 3281 Telamo
190 3231 300 3281 Troiano
320 3230 388 3281 bello
404 3231 436 3282 de
448 3234 502 3283 suis
520 3231 610 3282 liberis
624 3232 703 3282 semel
717 3232 832 3282 elocutus
848 3234 917 3284 est.''
939 3231 1087 3284 Ciceronem
1100 3232 1177 3281 Tuso.

64 3301 135 3366 disp.
144 3300 181 3348 lll
190 3299 272 3362 lt‚30
287 3308 389 3350 secutus
398 3301 567 3368 Hieronymus
577 3301 842 3368 Epitaph.Nepotiani
855 3301 939 3368 petto
950 3301 1029 3368 llign.
1046 3301 1104 3351 ‘ubi
1114 3301 1180 3352 illud

64 3372 97 3420 nb
109 3369 220 3420 infantia
230 3370 343 3421 studium
352 3370 493 3422 litterarum
506 3379 530 3422 et
540 3373 711 3438 Anaxagorae
723 3388 753 3422 ao
762 3372 949 3422 Telamonis
963 3386 1065 3437 semper
1077 3370 1181 3421 laudata

65 3440 209 3491 sententia:
229 3441 371 3491 solebam
389 3457 435 3492 me
453 3442 805 3508 genuissemortatemfl
877 3442 912 3490 lV
932 3440 1029 3490 Nonius
1043 3457 1069 3505 p.
1085 3440 1177 3500 506,1

67 3509 207 3560 ‘audibo
222 3525 269 3576 pro
283 3511 395 3562 audiam.
423 3512 521 3562 Ennius
532 3512 737 3562 Telamone..)
808 3511 941 3561 Vl'estus
956 3525 982 3576 p.
995 3509 1088 3560 10811.
1109 3510 1179 3560 ‘ob-

65 3580 232 3631 sidionem
256 3582 342 3645 potius
361 3581 497 3632 dicendum
517 3598 574 3632 esse
595 3596 671 3644 quam
694 3579 824 3632 obsidium
847 3580 952 3630 adiuuat
971 3595 1017 3630 nos
1034 3580 1178 3630 testimonio

65 3665 112 3701 suo
126 3649 226 3700 Ennius
238 3650 265 3700 in
279 3650 432 3713 Telamone,
452 3665 529 3715 quom
543 3652 578 3702 ait
593 3653 666 3700 ...’.
719 3652 756 3700 Vl
775 3649 872 3702 Nonius
888 3665 913 3716 p.
929 3648 973 3709 85,
988 3651 1022 3702 ⁶23
1041 3648 1177 3710 ‘elaret,

106 3895 161 3950 363
182 3889 276 3958 missi,
298 3891 348 3947 aed
361 3897 391 3948 ut
402 3895 483 3964 prior
498 3911 511 3949 s
525 3891 654 3949 uideatur
670 3892 757 3947 deletu
772 3907 839 3962 este,
861 3893 965 3950 Fronto
1051 3895 1103 3951 363
1125 3891 1178 3946 sei-

65 3977 129 4031 bam
144 3975 262 4032 Fronto.
288 3977 412 4032 sciebam
430 3977 569 4034 Ciceronis
590 3977 654 4033 libri
737 3981 789 4036 364
811 3985 892 4050 atque
907 3977 1006 4034 Bumb.
1029 3993 1119 4048 neque
1134 3991 1177 4031 ce-

66 4063 118 4116 teri
131 4059 196 4114 libri
281 4061 399 4117 utendos
415 4062 513 4118 Bomb.
600 4067 653 4122 366
673 4063 718 4118 aui
738 4063 825 4118 Aeaei
841 4062 981 4135 Berplius
995 4061 1068 4118 Mus.
1085 4059 1176 4115 Rben.

68 4149 136 4203 1335
153 4163 186 4216 p.
211 4145 254 4203 73.
277 4147 416 4217 atqu'elaei
437 4147 501 4204 libri
584 4148 657 4203 tuuis
677 4146 754 4202 teia.
840 4151 892 4206 357
921 4155 1001 4220 grata
1023 4153 1066 4202 est
1087 4145 1177 4217 gratia

66 4230 97 4285 G.
115 4229 298 4286 Hermunnus
315 4229 418 4304 Opus&
440 4229 501 4289 VII
515 4237 577 4292 330.
602 4234 692 4305 gratia
715 4247 749 4286 ea
771 4239 814 4288 est
831 4233 901 4291 libri.
925 4233 1014 4306 gratia
1036 4236 1116 4306 grata
1134 4237 1177 4287 est

67 4315 176 4373 Grotius
978 4327 979 4332 ’
1241 4311 1249 4326 ”
