2784 4940
346 401 655 471 QVAES'llONES
678 401 909 460 esulanus
1117 409 1179 460 xlx

66 573 183 622 cerm.-
201 573 231 624 ut
250 568 279 624 C.
302 570 432 627 Odauim
453 569 606 644 Lampadio
628 573 730 628 Naeuii
749 572 884 628 Punim
906 571 1011 639 unum,
1032 571 1105 644 quoti
1124 587 1179 626 uno

67 675 209 731 nonnae
230 682 257 732 et
273 680 422 734 contirtenti
440 681 582 752 ecripbrra
603 679 758 751 expositum
779 678 870 736 diunt
891 683 920 735 in
949 684 1053 751 septem
1080 677 1178 732 libros:

69 787 103 835 ut
118 786 213 852 postea
227 782 259 850 Q.
282 783 466 858 Vargunteius
484 785 600 842 annales
620 785 718 853 Eunai,
741 800 809 858 quos
829 787 912 842 certis
929 785 1022 842 diebus
1035 785 1063 840 in
1077 799 1178 855 magna

69 885 230 960 frequentia
258 892 468 962 pronuntiabat:
507 901 538 948 ut
566 892 677 948 boellus
710 891 865 949 Archelaus
925 891 1084 964 Vectiusque
1111 889 1174 946 Pba'·

73 994 195 1050 locamus
218 995 317 1053 tauta
335 1005 457 1056 saturas.
494 995 533 1055 At
557 1015 574 1056 a
594 997 734 1056 Suetonio
763 993 832 1054 nibil
855 994 913 1054 talc
935 994 1088 1054 memorari
1110 1009 1178 1052 con-

70 1097 178 1174 cedet,
211 1100 258 1177 qui
284 1099 374 1161 uerba
403 1111 432 1162 et
453 1103 614 1163 sententiae
635 1122 741 1164 nexum
762 1103 882 1182 propius
905 1098 1069 1180 aspexerit:
1098 1097 1179 1156 cuius

66 1203 105 1264 de
126 1221 165 1264 ea
186 1223 220 1264 re
242 1206 387 1268 silentium
408 1207 475 1268 mibi
499 1209 573 1270 adeo
596 1227 649 1290 pro
673 1212 783 1272 diserto
808 1227 875 1270 esse
905 1205 1069 1296 testimonio
1099 1202 1178 1263 uide·

67 1319 125 1372 tur.
186 1310 296 1374 Verum
323 1315 397 1376 alios
427 1316 500 1377 duos
524 1316 642 1395 prodire
673 1325 764 1376 testes
799 1315 902 1392 iubeo,
939 1315 987 1394 qui
1025 1311 1103 1390 quob
1127 1309 1179 1372 ille

67 1419 200 1479 tacendo
223 1423 311 1484 docet
332 1431 435 1502 aperte
455 1431 485 1482 et
507 1432 536 1483 ut
558 1423 633 1484 absit
654 1423 793 1484 dubitatio
816 1422 939 1484 tradunt.
973 1419 1081 1482 Plinius
1104 1419 1179 1480 euim

66 1526 144 1587 baec
176 1528 204 1586 in
231 1530 352 1590 naturali
374 1529 493 1590 bistoria
522 1528 591 1608 (Vll
616 1529 691 1608 101)
720 1527 826 1588 relert:
850 1531 883 1600 Q.
901 1531 1009 1588 Enniam
1030 1531 1179 1594 beneci-

66 1639 134 1693 bum
156 1637 290 1694 Dentrem
308 1638 484 1713 fratremque
512 1641 571 1697 aas
588 1641 744 1712 praecepere
764 1641 880 1696 narolus
896 1645 1016 1712 propter
1048 1653 1094 1695 eos
1113 1655 1180 1696 aas·

67 1751 124 1800 tum
148 1746 296 1800 neormam
316 1748 416 1803 adieeu
435 1749 574 1803 annalem.
619 1739 702 1816 Quae
718 1741 856 1800 memoria
871 1739 983 1816 bansta,
1007 1749 1037 1800 ut
1054 1741 1178 1817 uidetur,
1290 1727 1293 1739 ¹

70 1865 108 1906 ex
134 1849 262 1907 uetustis
291 1851 412 1911 alicuius
434 1849 611 1927 grammatici
634 1848 846 1908 commentariis
871 1845 1042 1908 diilscultate
1064 1847 1179 1926 quidem

69 1955 203 2034 inpedita
226 1963 271 2014 cst
293 1956 406 2036 aliqua,
430 1973 515 2034 quam
537 1971 590 2014 suo
611 1953 678 2014 loco
702 1969 877 2032 proponam:
901 1953 958 2014 boc
979 1963 1074 2014 tamen
1090 1953 1178 2032 abpa-

71 2071 134 2138 ret,
166 2064 205 2144 ita
224 2079 281 2121 nec
301 2063 420 2124 Plinium
442 2081 498 2122 nec
525 2079 606 2136 eum,
636 2062 716 2120 cuius
738 2061 789 2121 ille
815 2063 1015 2122 auctoritatem
1037 2061 1178 2138 sequitur,

73 2167 226 2229 locuturos
253 2168 363 2245 luisse,
391 2170 444 2230 nisi
466 2167 587 2229 Ennium
614 2185 730 2228 carmen
753 2185 808 2246 per
835 2167 966 2244 singulos
996 2166 1087 2227 libros
1110 2183 1179 2226 coa·

76 2274 232 2352 scripsisse
255 2292 309 2354 pro
333 2285 484 2355 comperto
507 2275 619 2335 luisset.
656 2275 752 2353 Atque
775 2276 861 2336 tertio
885 2283 950 2336 ante
974 2273 1082 2334 obitum
1104 2291 1179 2334 anno

78 2377 344 2458 duodeuigesimum
378 2382 509 2442 annalem
543 2382 664 2458 abiecit,
700 2385 764 2462 ipse
796 2382 869 2444 banc
898 2384 1046 2444 inmensae
1077 2382 1180 2460 poesis

76 2488 160 2563 quasi
187 2488 298 2548 calcem
329 2489 452 2550 laturam
485 2491 683 2568 praesagiens.
729 2488 770 2548 lta
799 2490 874 2549 enim
893 2489 968 2550 alter
999 2507 1084 2567 quem
1111 2505 1178 2568 pro·

73 2595 178 2653 uocaui
201 2596 302 2671 testis,
331 2594 442 2656 Gellius
467 2594 518 2673 (N.
541 2594 577 2654 Α.
601 2593 684 2656 xvii
705 2594 779 2675 21):
804 2599 946 2658 omnnium
967 2607 992 2658 et
1016 2600 1180 2658 Tuditanum

71 2705 202 2759 consules
225 2712 356 2761 scantur
378 2705 410 2774 Q.
440 2705 567 2763 Valerius
594 2712 620 2762 et
644 2705 672 2764 0.
694 2705 850 2777 Mamilius,
879 2707 976 2780 quibua
1000 2713 1095 2762 natum
1121 2721 1182 2762 esre

72 2808 107 2876 Q.
138 2810 259 2866 Ennium
282 2816 394 2885 metam
421 2811 463 2870 M.
498 2813 590 2868 Varro
617 2815 646 2868 in
674 2815 765 2884 primo
791 2813 826 2870 m
847 2815 937 2885 potas
964 2813 1031 2870 bbro
1061 2815 1181 2886 sempsit,

73 2931 195 2989 eumque
215 2933 274 2974 arm
294 2924 437 2993 septimam
458 2929 484 2977 et
502 2921 704 2992 seaaaeaanam
724 2937 828 2976 annum
846 2920 968 2990 baberet
993 2920 1181 2994 duodecima·-

73 3041 150 3079 mnm
171 3027 298 3082 annalem
318 3029 466 3099 scripsisse
485 3027 566 3100 idque
583 3029 674 3099 ipsum
693 3027 814 3084 Ennium
833 3029 862 3084 in
879 3028 973 3084 eodem
989 3027 1057 3082 labro
1078 3027 1180 3084 dione.

74 3125 271 3189 Coniecturae
307 3130 437 3208 quibem,
465 3149 522 3190 non
556 3130 694 3190 librorum
730 3131 910 3206 auctoritati,
945 3127 1068 3190 debetur
1098 3129 1180 3206 illul,

76 3235 154 3312 quod
177 3237 299 3316 scripsi,
330 3237 597 3316 duodeuigesimum
624 3235 772 3313 annalem,
803 3255 866 3299 cum
888 3234 953 3297 libri
974 3236 1038 3298 iere
1060 3237 1087 3298 in
1110 3237 1180 3298 buo·

76 3342 190 3403 decimo
213 3345 409 3414 consentinam
436 3363 493 3406 nea
512 3343 596 3405 dubia
619 3343 781 3404 emendatio
815 3345 1000 3422 respicienti,
1024 3362 1108 3423 quam
1130 3363 1181 3424 pa·

78 3467 137 3510 rum
167 3450 321 3529 probabile
347 3455 400 3528 sit,
431 3453 523 3512 tribus
551 3453 632 3512 annis
654 3451 702 3529 qrri
725 3453 802 3512 uitae
829 3453 968 3530 postremi
990 3462 1072 3513 erant
1095 3451 1183 3529 (obiit

76 3557 151 3615 enim
171 3561 413 3636 septuagenarius
438 3577 512 3619 anno
532 3560 568 3620 ab
585 3579 612 3619 ιι.
631 3579 655 3619 c.
674 3557 752 3638 585)
776 3565 892 3637 politam
915 3576 969 3618 sex
992 3557 1083 3618 libros
1106 3557 1182 3618 baud

76 3663 113 3722 ita
137 3672 261 3740 angusto
284 3665 390 3726 ambitu
412 3642 624 3746 composuisse.

161 3767 206 3828 De
235 3787 353 3831 numero
383 3790 534 3848 uersuum,
563 3781 633 3850 quot
653 3772 759 3850 singuli
781 3771 845 3832 libri
867 3772 1074 3846 continuerint,
1105 3771 1182 3849 peri·

78 3875 207 3936 culusum
233 3885 277 3936 cst
310 3878 416 3956 aliquid
442 3879 521 3940 uelle
552 3887 689 3940 statuere.
741 3879 944 3958 Amplissimos
972 3875 1062 3936 luisse
1090 3875 1181 3938 libros

77 3982 244 4042 tractandae
271 3987 409 4045 materiae
432 3985 551 4046 ubertas
574 3985 696 4046 indicat:
726 4004 761 4045 aa
788 3985 938 4046 breuitatis
961 3983 1082 4044 studium
1111 3983 1182 4044 alis·

77 4105 142 4148 num
170 4098 233 4150 erat
258 4097 286 4149 et
316 4109 333 4150 a
354 4093 486 4152 carminis
507 4109 619 4171 genere
643 4101 672 4152 et
694 4101 725 4153 ut
748 4111 764 4151 e
786 4090 966 4170 longioribus
990 4109 1065 4169 quae
1094 4109 1183 4172 super

33 4207 42 4232 ¹·
78 4203 142 4255 sunt
164 4195 333 4273 fragmentis
356 4198 507 4279 dispicitur
530 4217 546 4260 a
566 4207 665 4278 poeta.
709 4197 817 4258 Verum
838 4206 932 4257 tamen
960 4199 984 4258 si
1011 4199 1080 4260 licet
1102 4200 1130 4258 in
1149 4217 1181 4260 rc

78 4299 204 4362 obscura
226 4305 392 4365 coniectura
406 4305 524 4382 ludere,
548 4323 623 4384 quae
645 4323 708 4367 eam
726 4321 810 4384 φιιιιιι
830 4305 923 4364 animo
946 4305 1096 4367 irlcrmaui
1119 4324 1182 4366 car·

927 4413 944 4465 b
957 4411 982 4440 „1
