2784 4940
211 386 296 436 xu1v
608 373 920 445 QVAESTIONES
1026 378 1034 390 ·

211 546 269 606 lum
291 543 437 604 Porsenae
459 539 567 600 incidit.
612 539 761 600 Horatium
782 536 926 602 Coclitem
948 543 1040 617 enim,
1068 559 1124 600 non
1145 543 1196 621 qui
1235 541 1328 618 uulgo

211 649 386 712 credebatur
414 665 431 708 e
462 648 622 724 trigeminis
652 663 754 721 uuum,
791 646 838 706 bic
861 665 965 708 uersus
993 651 1038 706 bic
1064 668 1181 709 occasus
1215 653 1329 706 111111.-

210 768 240 818 ct
262 761 374 816 0111111
394 759 512 814 inclutus
531 757 605 812 11111
626 751 671 832 (1)
695 752 838 829 designat.
870 753 933 828 Qua
957 757 1031 816 eninr
1052 755 1165 816 ratione
1188 753 1247 813 ille
1268 754 1329 812 llo-

211 865 300 926 ratius
323 862 397 924 saltu
419 860 544 920 inclutus
565 859 693 935 dicatur,
724 859 804 938 quod
830 860 981 939 epitheton
1004 862 1105 922 mirum
1129 878 1218 938 quarn
1250 859 1330 920 bene

211 964 317 1026 Coclitl
333 962 508 1033 conueniat?
526 964 625 1043 Atque
639 965 713 1026 baec
725 967 799 1026 ratio
816 984 907 1045 penes
920 985 966 1027 me
982 967 1134 1046 praeualet
1144 965 1230 1027 Festi
1244 969 1330 1026 testi·

212 1075 326 1149 monio,
350 1075 400 1152 qui
422 1091 438 1132 e
462 1072 503 1149 ll,
525 1089 581 1132 non
603 1073 650 1132 cui
672 1071 788 1132 uindico
811 1091 828 1132 e
851 1071 890 1132 lV
913 1072 1008 1132 adfert
1029 1073 1237 1152 fragmentum.
1269 1073 1331 1134 Nu·

211 1180 283 1240 meri
312 1179 514 1240 emendatione
542 1177 650 1256 egebat
676 1180 762 1238 etiarn
790 1178 868 1256 quod
898 1178 924 1240 11
952 1179 1086 1257 ascripsi.
1135 1179 1160 1240 b
1188 1179 1219 1240 11
1251 1184 1330 1242 enim

211 1286 306 1345 annali
328 1286 449 1347 traditur
470 1287 673 1362 fragmentum,
696 1285 773 1363 quod
795 1283 939 1360 llbergius
961 1283 1032 1344 uidit
1052 1282 1138 1346 blucii
1154 1288 1331 1349 Scaeuolae

210 1393 320 1469 uerba,
350 1411 366 1453 a
396 1402 487 1454 matre
511 1400 605 1452 semet
632 1409 690 1452 non
717 1400 846 1470 spretum
872 1391 907 1473 iri
932 1391 1123 1478 confidentis,
1156 1396 1331 1456 continere.

211 1498 312 1558 Anxur
341 1498 516 1560 Volscorurn
550 1499 651 1558 urbem
683 1507 878 1577 expugnatam
905 1495 1002 1556 Liuius
1034 1495 1075 1558 lv
1103 1500 1143 1560 59
1175 1503 1333 1580 perhibuit

211 1610 353 1682 (oppidum
380 1615 474 1666 uetere
492 1609 611 1683 fortuna
632 1611 789 1680 opulentum
810 1609 1016 1663 treucoecrcitus
1032 1609 1204 1683 diripuerat·
1240 1597 1333 1690 quarn
1382 1643 1383 1646 ¹

211 1731 272 1773 rern
293 1712 413 1772 Ennium
433 1713 565 1790 tetigisse
590 1711 795 1791 potiusquam
820 1708 993 1787 explicatius
1020 1729 1155 1774 narrasse
1187 1717 1332 1778 credide·

82 1809 89 1814 ’
211 1821 278 1879 rim:
305 1836 475 1898 quamquam
492 1837 514 1880 ,e
543 1816 666 1878 frustulo
704 1821 849 1908 Volucuiua
869 1821 994 1892 perdidit
1014 1824 1118 1878 Anxur
1142 1819 1217 1900 (lll)
1257 1825 1333 1884 nihil

213 1926 378 2004 configitur.
423 1922 560 1984 Ceterum
585 1925 680 1985 Liuius
704 1922 825 1982 eandem
848 1922 948 1983 urbern
972 1926 1056 1984 etiam
1080 1928 1253 2004 posteriore
1276 1930 1332 1989 ob·

215 2031 327 2092 aldione
355 2039 491 2092 uexatam
521 2031 622 2091 tradit:
655 2030 693 2089 cf.
717 2029 744 2087 V
767 2027 796 2089 8.
822 2028 869 2088 12.
895 2030 943 2091 13.
994 2029 1126 2092 lnidem
1154 2032 1332 2096 111111111-
1383 1993 1384 2054 1

215 2155 269 2216 pus
292 2136 411 2215 (Anxur
435 2137 507 2196 enirn
528 2153 553 2195 a.
576 2154 604 2196 u.
628 2153 654 2194 c.
684 2134 745 2196 349
774 2143 969 2213 expugnatum
994 2139 1055 2216 est)
1085 2138 1157 2198 solis
1185 2138 1332 2202 defectus

213 2244 305 2319 eadit,
331 2261 417 2322 quern
440 2241 562 2302 Ennium
586 2242 614 2300 in
636 2240 786 2301 annalibus
809 2249 928 2300 notasse
957 2238 1064 2302 Cicero
1087 2242 1123 2302 de
1146 2262 1180 2304 re
1203 2247 1331 2323 publica

217 2349 230 2409 1
250 2349 299 2425 16,
317 2348 357 2408 25
371 2347 592 2427 testatur(lV)l
613 2344 660 2408 Cf.
673 2347 861 2407 Niebuhrium
880 2345 954 2406 Hist.
968 2345 1052 2408 Rern.
1065 2348 1077 2409 1
1091 2347 1162 2425 279,
1188 2353 1241 2429 qui
1262 2356 1332 2414 sub-

215 2455 321 2529 tiliter,
345 2461 525 2533 quapropter
547 2459 640 2514 lunam
660 2463 689 2513 et
707 2463 810 2513 noctem
834 2452 985 2513 obstitisse
1008 2453 1084 2513 soli
1105 2453 1214 2516 Ennius
1235 2459 1332 2533 dicat,

214 2541 369 2638 explicuit,
397 2577 567 2637 quamquam
601 2575 638 2617 ne
664 2577 740 2620 nunc
767 2559 882 2637 quidem
910 2560 978 2620 rnihi
1005 2562 1175 2623 incredibile
1209 2577 1264 2627 est
1298 2572 1334 2630 ad

212 2687 272 2726 noce
292 2682 396 2725 uocem
415 2665 492 2726 aliud
513 2664 633 2725 uerbum
644 2665 736 2725 fuisse
754 2666 887 2744 proximo
902 2685 989 2726 uersu
1007 2667 1161 2745 adiectum,
1183 2675 1333 2736 omissum

215 2792 232 2833 a
253 2770 418 2848 Cicerone,
440 2773 488 2851 qui
511 2772 580 2831 satis
603 2770 730 2832 habebat
753 2772 837 2832 finem
857 2791 960 2832 uersus
976 2773 1104 2834 adferre.
1134 2774 1207 2837 lllud
1227 2790 1333 2841 autem

213 2882 360 2958 ineptum,
389 2878 466 2957 quod
486 2877 618 2936 Osanuus
642 2877 677 2937 ad
698 2875 761 2939 Gic.
786 2877 805 2940 l.
828 2879 848 2940 1.
882 2881 946 2940 anni
970 2890 999 2940 et
1016 2881 1074 2941 diei
1095 2890 1179 2942 notas
1202 2893 1332 2960 poetam
1384 2857 1386 2948 1

215 3003 273 3045 non
296 2985 323 3044 in
345 2985 426 3064 ipsos
446 3002 550 3044 uersus
571 2984 754 3045 immiscuisse
775 2984 827 3045 sed
848 2987 980 3064 margini,
1003 3005 1060 3066 quo
1083 2989 1332 3066 progredientem

214 3091 348 3172 paulatim
371 3093 565 3152 narrationem
589 3108 707 3169 semper
733 3100 832 3152 notata
861 3101 993 3171 tempora
1019 3095 1246 3172 comitarentur,
1279 3099 1332 3158 ad·

213 3199 343 3279 pinxisse
366 3198 500 3277 opinatus
520 3205 575 3258 est.
609 3196 722 3256 Annum
743 3198 859 3276 quidem
878 3216 963 3276 quern
979 3198 1085 3260 Cicero
1101 3201 1209 3260 notauit
1222 3200 1333 3264 0ch

211 3323 269 3365 nou
288 3323 326 3365 ex
347 3304 451 3380 Ennio,
475 3305 555 3364 cuius
578 3314 740 3384 temporum
762 3304 921 3385 descriptio
934 3324 950 3366 a
965 3306 1090 3384 uulgari,
1112 3323 1197 3384 quam
1212 3299 1333 3370 Cicero

212 3412 354 3489 sequitur,
377 3411 484 3488 longe,
505 3421 537 3471 ut
553 3411 692 3488 uidimus,
720 3411 861 3488 distabat,
893 3411 946 3471 sed
975 3431 991 3472 e
1016 3413 1145 3472 maximis
1169 3416 1333 3478 annalibus

211 3516 316 3576 hausit.
368 3516 477 3578 Ennius
507 3535 566 3597 quo
599 3518 687 3578 modo
717 3535 820 3578 annum
850 3517 927 3577 illius
961 3515 1032 3576 solis
1065 3517 1200 3602 defectus
1231 3522 1333 3600 sigui-

211 3623 327 3699 ficarit,
368 3626 510 3686 nescitur:
548 3623 625 3703 quod
662 3633 757 3685 autern
794 3623 886 3683 semel
923 3632 1059 3683 accurate
1095 3624 1170 3684 diem
1203 3645 1333 3690 aunum-

99 3799 102 3806 ,
212 3747 268 3809 que
299 3730 479 3812 descripsit,
517 3730 583 3791 inde
617 3730 677 3790 noli
707 3732 862 3810 quicquam
895 3728 932 3788 de
965 3731 1125 3792 constantia
1162 3733 1190 3792 in
1219 3752 1260 3794 ea
1292 3757 1333 3798 re

211 3836 333 3916 quadam
357 3837 628 3916 conligere,·quam
649 3836 718 3896 rnibi
740 3835 866 3913 quidem,
890 3834 968 3912 quod
990 3854 1077 3914 supra
1093 3837 1186 3916 tetigi,
1212 3841 1334 3905 nullam

210 3944 302 4003 fuisse
326 3961 497 4022 persuasum
519 3953 573 4004 est.
620 3941 754 4020 Denique
775 3941 842 4001 huic
865 3939 941 4000 libro
963 3940 1079 4002 uindico
1099 3942 1208 4006 bellum
1230 3945 1332 4009 Galli-

211 4067 289 4108 cum:
313 4047 390 4127 quod
412 4048 597 4128 bellumque
620 4049 783 4124 fragmento
810 4047 968 4124 significari
998 4048 1077 4108 uolui
1094 4047 1171 4134 (vt)
1203 4049 1286 4113 illud.
1313 4075 1333 4115 a

210 4153 360 4215 blacrobio
380 4156 441 4214 Sat.
462 4152 475 4212 1
498 4154 516 4212 4
541 4170 569 4231 p.
591 4151 713 4214 16111.
737 4172 754 4213 e
777 4155 902 4233 septimo
924 4155 1019 4214 annali
1038 4157 1151 4216 citatur.
1197 4156 1246 4216 Ac
1276 4159 1329 4218 lir-

210 4277 289 4320 mare
314 4259 427 4320 1111111
449 4259 555 4320 bonum
582 4259 776 4320 testimonium
796 4260 899 4321 fraude
925 4277 977 4320 sua
1006 4261 1127 4322 studuit:
1157 4279 1245 4344 quam
1268 4263 1332 4326 llu-
