2784 4940
512 355 741 412 ENNIANAE
1073 368 1185 414 xxxlx

65 526 186 602 ligitur,
210 524 265 582 iam
287 520 408 582 llnnium
431 523 468 581 de
490 521 614 582 Hersilia
636 523 665 580 in
685 520 791 582 lloram
814 523 924 596 Quirini
947 531 1118 582 commutata
1136 541 1184 602 ce,-

68 632 200 690 cinisse:
223 646 307 708 quam
322 646 382 688 rem
397 645 479 688 more
493 647 546 688 suo
567 629 728 689 inlustrauit
740 624 859 686 Ouidius
879 622 948 686 blot.
962 629 1030 688 XIV
1045 627 1105 690 829
1117 649 1182 710 sqq.

547 817 672 878 curvi
699 816 726 878 ll

162 947 208 1008 De
230 949 395 1009 secundo
419 947 540 1008 annali
564 963 656 1025 pauca
674 953 739 1005 suut
762 962 837 1022 quae
860 954 967 1024 egeant
988 948 1184 1023 enarratione,

70 1074 142 1114 oum
164 1073 221 1114 uec
243 1055 349 1114 multae
367 1073 406 1114 ex
425 1053 480 1114 bac
502 1061 585 1132 parte
604 1071 660 1113 nec
682 1070 736 1112 eac
757 1051 822 1112 iere
837 1051 1027 1112 obscuriores
1042 1052 1184 1132 reliquiae

69 1179 167 1239 super
187 1162 251 1219 sint.
285 1158 381 1220 Trium
403 1161 451 1238 qui
471 1158 622 1221 Romulum
645 1161 787 1237 deinceps
809 1159 902 1218 secuti
921 1169 987 1220 suut
1004 1179 1106 1238 regum
1127 1160 1184 1220 Ro·

71 1285 227 1327 manorum
254 1275 338 1342 gestu
361 1268 559 1344 perhibentur.
605 1266 650 1326 Ac
668 1265 824 1340 Numam,
848 1282 932 1342 qoem
955 1283 1046 1344 aegre
1069 1269 1116 1345 qui
1139 1285 1183 1327 sa·

73 1376 172 1454 pitin
201 1375 321 1452 primum
349 1371 481 1430 annalem
509 1374 659 1448 inferciat,
689 1391 774 1432 unum
801 1390 839 1430 ex
865 1372 931 1449 ipso
959 1370 1034 1432 libro
1061 1372 1184 1433 adlatum

70 1483 272 1558 fragmentum
298 1476 369 1557 (IV)
391 1477 541 1556 designat,
571 1483 599 1540 in
621 1497 679 1558 quo
700 1480 788 1540 iacile
813 1495 978 1539 sermonem
1000 1477 1111 1541 urnae
1135 1499 1184 1559 ag·

69 1605 197 1662 nosces,
220 1585 269 1663 qui
287 1581 413 1644 salubria
435 1583 562 1646 instituta
589 1587 682 1647 noluit
708 1585 820 1646 aboleri
843 1595 911 1665 post
943 1585 1061 1646 obitum.
1104 1587 1186 1662 Quae

70 1695 225 1767 instituta,
247 1709 331 1751 sacra
359 1691 499 1766 maxime,
520 1693 697 1751 enumerauit
716 1691 842 1767 Ennius,
866 1710 923 1752 non
946 1693 1112 1772 explanauit
1137 1705 1185 1754 aut

71 1801 184 1860 colore
203 1799 327 1877 quodam
350 1798 469 1874 politico
492 1814 592 1874 parurn
613 1807 725 1874 gratam
752 1801 837 1877 po'esi
863 1801 1013 1860 materiem
1042 1801 1184 1862 distinxit:

70 1906 223 1984 siquidem
248 1904 339 1963 teuuit
362 1904 389 1962 in
412 1903 530 1962 relicuis
550 1920 671 1980 morem,
695 1923 781 1983 quem
803 1894 978 1985 superstites
1001 1925 1039 1966 ex
1058 1907 1115 1967 boc
1132 1926 1184 1985 ge·

71 2031 150 2073 uere
174 2029 276 2071 uersus
297 2009 349 2090 (ll.
372 2009 429 2090 lll)
460 2012 624 2072 ostendunt.
670 2011 734 2085 Quo
759 2013 918 2088 liberalius,
940 2022 1021 2090 puto,
1045 2032 1080 2072 ne
1102 2015 1185 2074 nimis

70 2137 169 2200 parce
196 2117 344 2177 uideretur
386 2115 496 2178 Numae
524 2120 691 2178 memoriam
720 2127 879 2193 tractasse,
908 2117 1035 2197 Egeriae
1063 2120 1187 2181 fabulam

72 2225 245 2284 contexuit:
276 2240 447 2301 quamquem
476 2243 549 2284 unus
581 2233 687 2285 tantum
715 2233 744 2284 et
769 2226 817 2302 qui
844 2224 893 2282 uix
920 2227 1116 2286 coniecturum
1149 2227 1185 2286 de

72 2333 164 2392 Ennii
186 2331 350 2391 narratione
377 2330 513 2390 concedit
537 2332 658 2408 elegans
676 2330 841 2391 uersiculos
864 2340 955 2391 restat
976 2337 1024 2392 olli
1046 2339 1188 2409 respondit

72 2446 176 2500 meeum
196 2457 280 2498 sonna
301 2442 416 2514 Egeriai
434 2437 449 2510 (
464 2439 489 2516 ).

36 2529 44 2534 ’
81 2571 112 2620 ,ρ
165 2543 230 2603 Non
246 2543 345 2618 multa,
363 2543 415 2602 sed
431 2552 527 2602 tamen
545 2543 632 2621 paulo
649 2542 731 2620 plura
748 2543 785 2602 de
801 2541 898 2601 Tulli
914 2529 1071 2603 Hostilii
1093 2562 1186 2622 regno

75 2653 116 2712 ad
138 2667 194 2710 nos
217 2658 430 2728 peruenerunt,
451 2663 573 2727 quorum
595 2648 737 2727 pleraque
761 2646 944 2726 (VlssaXlll)
963 2650 999 2708 ad
1019 2650 1185 2727 trigemino·

74 2778 143 2820 rum
159 2757 314 2818 certamina
329 2756 485 2834 pertinent,
509 2772 602 2833 pauca
617 2756 653 2815 ad
672 2754 778 2815 linietii
792 2755 878 2814 dolos
900 2773 935 2816 ao
953 2772 1076 2834 poenam
1086 2755 1185 2834 (xlv.

75 2866 144 2926 XV.
169 2861 375 2941 xvixvii).
421 2861 465 2921 Ao
488 2860 594 2921 Fuietii
622 2879 727 2922 nomen
750 2860 807 2940 (V)
832 2863 910 2940 qurod
932 2863 1033 2923 borum
1054 2882 1187 2924 uersuum

77 2989 188 3049 agmen
212 2970 321 3029 ducere
344 2968 431 3042 iussi,
455 2968 549 3045 potuit
576 2967 627 3026 ille
655 2969 712 3028 dux
740 2971 825 3028 etiarn
855 2968 923 3029 alibi
951 2971 1105 3045 nominuri,
1135 2971 1187 3029 sed

77 3097 146 3139 cum
163 3079 272 3136 incerta
295 3074 382 3134 sedes
400 3074 447 3148 sit,
470 3073 557 3133 malui
576 3074 693 3153 plenum
715 3093 819 3134 nomen
841 3077 869 3134 in
885 3077 1028 3154 principio
1049 3079 1186 3136 narratio·

77 3185 125 3243 nis
158 3183 272 3260 adponi.
318 3179 362 3240 lle
398 3180 575 3257 singulorum
609 3183 784 3257 certamine,
815 3200 851 3242 ne
888 3191 1010 3261 pereant
1042 3182 1188 3259 legiones,

78 3287 195 3348 Merula
218 3287 288 3346 uidit
310 3286 467 3346 deliberari
488 3287 523 3346 ir.
547 3286 596 3348 vl.
640 3288 771 3363 Horatio,
796 3289 822 3348 ei
841 3290 892 3367 qui·
913 3290 1063 3348 uictoriam
1085 3306 1188 3370 repor-

78 3403 133 3471 tat,
157 3394 259 3453 relicui
281 3401 394 3470 septem
416 3383 503 3452 d'icatl
524 3403 590 3453 sunt
612 3395 716 3471 singuli
733 3413 847 3471 uersus,
871 3413 992 3474 quorum
1014 3415 1118 3456 nexum
1154 3415 1189 3456 ac

80 3520 200 3561 sensum
223 3499 450 3559 memorabiliter
470 3499 598 3560 editores
617 3501 780 3584 ordinando
801 3503 1044 3562 disturbauerunt.
1081 3501 1117 3560 El
1136 3501 1190 3561 vil

81 3607 199 3685 quidem
220 3607 384 3683 fragmento
405 3600 540 3666 Horatius
563 3605 676 3666 uidetur
698 3625 806 3682 curam,
830 3626 895 3666 num
918 3625 989 3666 unus
1016 3609 1190 3668 aduersariis

82 3713 176 3773 tribus
216 3729 336 3790 compar
378 3719 457 3802 esset
494 3713 625 3787 iuturus,
659 3712 834 3788 significare.
891 3711 993 3789 Fuga,
1031 3729 1115 3788 quum
1151 3712 1188 3770 si-

82 3819 182 3893 mulat,
207 3835 320 3876 omnem
341 3836 423 3896 spem
447 3817 640 3878 Romanorum
660 3819 764 3878 euertit
793 3816 903 3896 (Vlll).
947 3816 1092 3878 Romanas
1116 3819 1190 3877 enim

84 3923 211 4000 ‘speres'
235 3929 323 4001 poeta
347 3927 484 3984 ‘nostras'
501 3924 572 3983 dixit
588 3943 641 3984 usu
657 3924 771 3984 butino:
796 3941 831 3983 ac
847 3923 999 3999 sententia,
1020 3941 1095 4001 quae
1114 3923 1189 3983 desi·

83 4030 185 4089 derata
207 4029 297 4106 uulgo
325 4031 558 4108 interpunctione
581 4030 802 4104 obscurabatur,
825 4031 918 4108 potuit
932 4029 980 4088 uel
1000 4040 1125 4090 cenricus
1143 4030 1191 4090 uel

84 4133 170 4193 simili
202 4137 355 4215 participio
393 4139 562 4196 continuari.
616 4135 729 4212 Deinde
764 4137 810 4195 uni
833 4134 1025 4196 Curiatiorum
1053 4138 1191 4198 minitanti

87 4242 216 4300 occurrit
238 4241 310 4321 (lx)
332 4261 425 4321 seque
450 4243 568 4303 fratrum
592 4253 716 4322 utroque
743 4253 890 4323 prostrato
920 4245 978 4324 (X)
1007 4244 1100 4304 solum
1130 4262 1192 4304 rem
