2770 4946
510 345 753 416 uuttovtnu

598 513 639 584 ΠΙ
653 513 669 550 ὑ

175 647 365 718 Mdiierem:
399 647 477 740 quid
505 648 618 740 pdtius
640 646 831 824 (11ωηῖᾼυὶ
851 651 965 824 uerius
989 673 1088 746 quam
1108 657 1187 726 mri-

748 775 847 826 rerem

611 903 659 974 IV

304 1091 312 1110 .
364 1039 453 1110 unde
475 1040 557 1112 hae'e
574 1043 707 1114 flamma
726 1043 854 1114 oritur?

500 1175 516 1214 *
741 1179 757 1216 ὴ

619 1235 636 1273 u

174 1309 343 1382 'Incedunt
368 1277 544 1400 inee'dunt,
579 1316 701 1387 adsunt
727 1315 849 1386 adsunt
871 1315 1008 1403 adsunt,
1042 1339 1094 1388 me
1116 1317 1182 1388 ex·

731 1421 857 1512 petunt.

739 1555 755 1592 ιι

500 1550 516 1588 rr

618 1610 635 1648 s

101 1698 148 1758 50
175 1686 241 1756 Fe'r
251 1686 294 1756 mi
308 1687 477 1775 auxilium,
495 1690 622 1781 pestem
636 1691 734 1784 abige
747 1713 768 1762 a
780 1715 842 1779 me,
859 1695 1084 1766 flammiferam
1096 1694 1181 1764 hane

561 1795 644 1880 uim,
673 1794 758 1888 quae
780 1817 832 1866 me
854 1798 1031 1868 exemeiat.

174 1890 337 1963 Caenrleo
361 1892 519 1966 incinctae
544 1895 645 1992 tingui
671 1898 841 1984 incedunt,
870 1903 1079 1971 circumstant
1105 1921 1179 1971 cum

733 2001 924 2074 ardentibus
942 2003 1057 2076 taedis.

280 2285 420 2356 Intendit
442 2286 577 2358 crinitus
601 2289 723 2380 Apollo

277 2390 402 2460 Arcum
423 2390 589 2475 auratum,
616 2391 695 2462 luna
717 2393 860 2478 innixuS,

103 2499 144 2557 55
276 2491 380 2562 Diana
398 2493 502 2563 facem
520 2493 596 2564 iacit
614 2495 634 2564 ai
653 2495 760 2566 laeua.

69 2698 160 2751 quotus
185 2693 308 2758 quisque,
336 2696 377 2744 uui
400 2710 469 2746 murs
493 2709 551 2746 eum
573 2697 774 2764 adpropinquet,
803 2709 853 2744 uon
877 2693 1036 2759 refugiat'
1059 2709 1082 2743 e.
1108 2709 1132 2756 q.
1155 2707 1177 2742 s.

69 2757 165 2809 Nouius
185 2765 288 2826 um,
305 2764 338 2816 16
357 2766 508 2831 ‘sanguis
593 2775 681 2826 neutro
700 2793 733 2805 -
756 2765 844 2816 cicaro
863 2763 895 2814 de
910 2763 1003 2814 fluibus
1017 2763 1178 2813 bonorumet

69 2829 195 2880 mulorum
218 2833 263 2883 lib.
287 2835 325 2884 V:
356 2843 448 2898 quotus
471 2836 580 2899 quisque
605 2837 655 2886 est'
685 2853 707 2886 e.
723 2853 748 2900 q.
766 2851 787 2886 a.
823 2834 968 2884 Priscianus
988 2834 1024 2883 Vl
1044 2847 1070 2898 p.
1085 2831 1137 2882 708
1149 2832 1177 2881 Ρ.

68 2897 93 2962 (Ι
105 2915 132 2966 p.
147 2902 199 2952 ⁸262
215 2901 260 2968 K.)
279 2908 392 2955 ‘ueteres
405 2904 455 2956 hoe
466 2919 612 2971 sanguen
627 2897 753 2956 dixerunt.
785 2903 873 2955 Cicero
889 2904 914 2952 in
929 2903 1079 2954 Hortensio:
1102 2911 1129 2952 ut
1144 2902 1179 2952 ait

69 2967 181 3020 Ennius:
210 2973 377 3040 refugiat·
406 2991 428 3026 e.
452 2991 477 3038 q.
498 2989 520 3024 s.
593 2975 629 3024 111
656 2975 767 3026 Rutilius
784 2974 872 3039 Lupus
894 2975 904 3022 1
927 2971 959 3023 12
980 2969 1055 3040 [add
1074 2971 1176 3022 Ruhuk.

70 3037 224 3105 ‘diaphorm
244 3042 294 3093 hoc
308 3044 414 3094 schema
425 3053 476 3104 est,
497 3058 554 3093 eum
570 3046 676 3096 uerbum
695 3047 812 3096 iteratum
825 3043 902 3093 stiam
916 3043 1067 3094 senteutiam
1080 3039 1179 3107 signifi-

69 3116 124 3168 eat,
144 3125 175 3160 ae
191 3111 562 3180 significauitprimodietum.
595 3114 676 3164 Idest
694 3113 853 3165 huiusmodi
947 3112 1025 3162 Item
1045 3112 1179 3162 uniuer-

69 3191 136 3228 sum
155 3181 335 3234 mutierem'
361 3199 384 3234 e.
401 3200 426 3248 q.
442 3200 463 3234 s.
500 3185 578 3234 Item
597 3184 676 3234 Enni
695 3198 824 3234 uersus:
844 3181 1011 3233 mulierem
1025 3179 1176 3240 Memmius,

70 3248 113 3310 qui
127 3249 212 3300 atiena
227 3267 305 3303 mauu
318 3252 382 3304 haee
400 3271 414 3304 e
433 3254 549 3320 margine
568 3254 647 3304 inlata
666 3269 723 3305 esse
742 3254 895 3319 suspicatur.
923 3251 1104 3302 Aleumaeonia
1120 3266 1177 3300 esse

70 3315 99 3366 0.
108 3317 264 3372 Ribbeukius
274 3323 382 3374 coniecit
439 3324 475 3374 tv
488 3321 836 3390 ciceroncuu.pr.1128,8u
849 3321 943 3385 ‘quidt
957 3322 1013 3387 ipse
1025 3321 1177 3371 Alcmaeo

69 3394 141 3448 tuus,
165 3391 219 3452 qui
239 3400 336 3459 negat
353 3408 406 3443 eur
424 3393 490 3443 sibi
509 3407 580 3442 eum
598 3393 705 3444 oeulis
727 3393 926 3451 consentire,
950 3405 1033 3440 noune
1052 3389 1176 3440 ibidem

70 3457 370 3513 inuitatusturure:
387 3463 483 3514 unde’
501 3477 593 3524 e.q.s.
612 3461 666 3528 [48]
688 3467 729 3513 ‘et
743 3461 984 3525 iliadeiuoeps:
1007 3458 1175 3509 incedunt·

71 3541 92 3574 e.
110 3543 133 3590 q.
149 3545 170 3579 s.
188 3527 245 3596 [49]
272 3532 368 3596 ‘quidt
387 3548 444 3584 eum
463 3532 608 3597 uirginis
623 3531 724 3583 tidem
743 3531 903 3598 inploret:
924 3527 977 3594 [50.
991 3526 1036 3593 51]
1053 3541 1114 3577 num
1129 3527 1176 3576 du-

69 3596 148 3658 bitas,
168 3601 230 3662 quin
244 3601 371 3652 sibi¹haee
382 3602 472 3653 uidere
482 3601 620 3651 uideatur?
639 3603 749 3665 itemque
763 3608 885 3652 uetera:
905 3598 1064 3649 intendit·
1081 3613 1104 3646 e.
1115 3613 1140 3660 q.
1153 3611 1175 3645 s.

72 3663 193 3735 [53-55]
219 3672 279 3734 ‘qui
298 3673 381 3738 magis
399 3672 464 3723 haee
480 3671 607 3732 erederet,
624 3671 648 3720 si
666 3680 766 3732 esseut,
786 3684 861 3734 quam
875 3667 1011 3728 credebat,
1029 3667 1090 3730 quia
1103 3666 1176 3717 uide-

70 3735 177 3788 bantur?
200 3748 310 3806 apparet
322 3743 390 3792 euim
404 3743 456 3793 iam
472 3755 527 3792 eor
544 3755 613 3791 eum
632 3740 740 3792 oeulis
760 3739 963 3790 consentire!

109 3919 143 3975 49
161 3915 330 3973 Emmduuit
344 3913 375 3972 0.
393 3915 569 3973 armentius.
584 3915 702 3972 incaede
718 3917 746 3973 in
760 3915 849 3972 caede
867 3913 970 3971 adsunt
984 3929 1029 3968 me
1044 3918 1174 3984 expetunt

77 3995 152 4056 Vna.
175 4000 277 4056 incede
299 4007 398 4057 assunt
420 4017 464 4056 me
479 4007 613 4072 expetunt
632 4001 695 4056 Erl.
719 3999 819 4058 incede
839 3998 940 4056 incede
956 3997 1058 4054 adsunt
1072 3996 1175 4053 adsunt

70 4099 112 4137 me
131 4102 173 4140 rne
197 4092 332 4157 expetunt
352 4086 437 4142 cetera·
539 4091 574 4144 51
606 4088 735 4142 caeruleo
763 4085 905 4142 Columna.
931 4084 1062 4140 caerulea
1093 4080 1172 4138 Vind.

71 4171 193 4226 eaerulee
213 4169 277 4226 nrt.
300 4172 446 4226 caeruleae
467 4172 552 4226 cetera¹
571 4169 635 4225 libri
719 4171 805 4243 angui
820 4169 960 4226 Columna.
976 4168 1035 4240 igni
1049 4164 1114 4222 libri

110 4259 142 4312 55
152 4247 233 4311 ‘taces
246 4269 320 4312 artua
335 4253 425 4312 oum.
853 4267 854 4271 ’

148 4355 261 4412 Enurvs.
948 4345 967 4411 7
