2784 4940
507 373 735 428 ENNIANAE
1143 377 1180 424 LI

50 555 171 615 quam,
213 537 291 613 quod
324 537 397 596 inira
430 536 539 610 dicam,
581 538 665 596 etiam
701 536 757 595 alia
793 535 855 594 eius
887 552 991 594 uersus
1022 535 1110 594 sedes
1150 537 1178 594 iu

51 652 206 722 promptu
226 651 279 701 est.
316 642 405 702 Paulo
424 642 633 716 confidentius,
656 643 789 719 quoniam
813 659 850 700 ex
874 641 931 701 hoc
954 642 1048 701 annali
1064 643 1177 716 citatur,

53 753 95 811 ad
130 751 211 811 idem
237 748 308 808 belli
331 745 478 808 Tarentini
506 749 588 826 quasi
614 747 814 826 prohoemium
832 746 868 805 ir.
893 746 1066 822 Xreuoco‚
1097 750 1177 806 utin

55 857 174 916 subitis
202 854 305 933 quales
331 854 471 914 Aemilius
499 855 569 914 lecit
598 853 833 932 praedationibus
866 853 962 912 locum
993 855 1177 913 nanciscatur

56 981 161 1021 suum.
209 961 268 1020 Sed
287 961 326 1019 ihi
348 960 411 1021 dum
435 959 576 1019 Aemilius
598 968 747 1034 uersatur,
768 957 894 1018 Marcius
916 957 1022 1035 rebus,
1047 959 1082 1019 ad
1105 977 1177 1036 quas

57 1072 175 1128 missus
205 1075 282 1142 erat,
313 1065 501 1126 Etruscorum
529 1067 653 1127 nondum
676 1065 803 1144 peractis
826 1064 944 1123 Romam
967 1065 1043 1124 redit
1067 1066 1177 1124 accitus

59 1185 92 1234 ut
117 1175 240 1235 uidetur
257 1189 273 1231 a
295 1179 414 1246 senatu,
440 1173 489 1248 qui
512 1172 735 1250 ‘expectatione
752 1168 852 1243 Pyrrhi
872 1169 1016 1229 sollicitus
1031 1170 1177 1248 praesidia

60 1280 199 1356 undique
226 1275 433 1356 conquirebat’
470 1277 529 1354 (ci.
557 1275 746 1336 Freinshemii
771 1275 922 1353 Supplem.
953 1275 1012 1335 Liu.
1040 1275 1068 1335 ll
1097 1275 1175 1354 21):
1216 1301 1223 1310 ·

61 1384 228 1463 triumphat
252 1384 289 1442 dc
316 1382 448 1442 Etruscis
477 1362 575 1460 (au
605 1401 630 1442 c.
657 1379 719 1441 472
745 1379 779 1439 Κ.
809 1381 939 1460 April),
970 1401 1005 1441 ac
1036 1382 1176 1460 deinceps

60 1492 148 1550 urbis
166 1488 327 1550 custodiam
341 1487 523 1563 moderatur,
547 1489 666 1565 primum
682 1487 800 1562 consul,
824 1485 938 1564 quando
955 1489 1078 1550 nondum
1093 1507 1177 1568 prae·

61 1597 193 1656 terierat
215 1613 305 1654 annus
328 1592 507 1667 consularis,
534 1602 637 1670 postea
661 1593 702 1670 (a.
726 1611 753 1654 u.
773 1611 798 1650 c.
814 1592 892 1672 473)
916 1602 1049 1670 praetor:
1071 1602 1177 1653 utnon

63 1719 205 1760 seorsum
237 1719 252 1761 a
281 1708 380 1758 nostra
411 1697 553 1757 sententia
582 1694 700 1757 Cassius
723 1697 842 1758 Hemina
870 1709 1045 1777 apraetore
1067 1699 1177 1760 Marcio

63 1807 258 1884 conscriptos
281 1805 457 1884 proletarios
479 1801 678 1882 tradiderit*).
723 1803 814 1863 Fauet
836 1807 998 1867 sententiae
1020 1804 1097 1884 quod
1121 1803 1176 1864 Zo-

63 1931 157 1972 naras
175 1911 244 1970 Vlll
265 1911 283 1972 3
307 1930 336 1990 p.
360 1909 420 1971 110
442 1909 488 1970 ed.
510 1909 600 1968 Bonn.
624 1909 713 1967 misso
736 1919 835 1971 contra
858 1910 1029 1972 Tarentinos
1050 1910 1176 1971 Laeuino

62 2027 185 2096 partem
208 2016 355 2094 copiarum
377 2016 405 2073 in
426 2014 499 2074 urbe
516 2015 647 2074 relictam
663 2027 883 2086 commemorem
908 2037 971 2078 eam
986 2017 1061 2077 haud
1079 2017 1177 2091 dubie,

65 2103 158 2202 quam
178 2121 303 2181 llarcius
331 2127 451 2199 praetor
479 2119 619 2196 regebat:
652 2121 688 2180 de
712 2120 815 2181 Rufino
837 2123 978 2184 dictatore
1003 2121 1177 2182 Niebuhrius

67 2229 184 2304 cogitat
213 2226 253 2286 lll
281 2225 342 2287 579
370 2226 470 2285 nescio
497 2241 555 2302 quo
587 2227 658 2285 iure.
706 2226 852 2288 Consules
882 2240 963 2290 certe
991 2229 1039 2307 qui
1067 2227 1176 2288 Harcio

67 2332 258 2410 Aemilioque
280 2339 502 2406 successerunt,
525 2340 648 2410 uterque
670 2336 697 2392 in
721 2345 816 2395 castra
837 2335 963 2414 proiecti
986 2345 1083 2395 erant:
1106 2333 1185 2412 liae-ff

68 2443 173 2514 ninus,
195 2439 235 2497 uti
256 2439 332 2514 dixi,
356 2446 456 2497 contra
479 2437 668 2515 Tarentinos,
692 2439 735 2500 Ti.
761 2439 959 2501 Coruncanius
981 2441 1009 2498 in
1032 2441 1178 2501 desertam

70 2546 109 2606 ab
129 2543 240 2605 Marcio
255 2543 388 2604 Etruriae
408 2543 602 2622 prouinciam:
626 2546 702 2605 unde
727 2555 757 2606 et
779 2548 843 2625 ipse
867 2554 935 2623 post
957 2563 1072 2623 pugnae
1087 2546 1177 2607 Hera·

72 2653 203 2712 cleensis
225 2648 371 2708 infelicem
395 2649 502 2708 exitum
519 2648 554 2708 ad
572 2652 746 2728 praesidium
764 2652 843 2713 urbis
857 2660 1023 2711 reuocatur.
1057 2649 1102 2711 ct.
1121 2651 1176 2711 Zo-

72 2775 160 2817 naras
186 2754 254 2815 Vlll
280 2754 299 2814 4
330 2771 358 2833 p.
391 2754 450 2812 114
476 2754 522 2813 ed.
550 2755 640 2815 Bonn.
699 2758 768 2817 Post
799 2775 923 2836 pugnam
949 2755 1178 2819 Heracleensem

72 2862 201 2937 Pyrrhus
235 2861 441 2936 <interemptos
470 2863 610 2921 cremauit
645 2865 835 2943 captiuosque
865 2863 1048 2940 indulgenter
1080 2863 1179 2924 habuit

75 2978 105 3028 et
134 2968 195 3026 sine
223 2965 317 3044 pretio
346 2965 487 3042 restituit,
518 2968 671 3048 missisque
693 2971 799 3048 legatis
821 2971 849 3029 in
871 2969 971 3029 urbem
995 2969 1178 3029 omnimodo

74 3073 191 3134 adnisus
215 3081 310 3131 estut
332 3072 410 3131 iacto
439 3071 560 3133 loedere
584 3075 612 3133 in
636 3077 787 3137 amicitiam
804 3077 1009 3154 reciperetur.’
1054 3071 1101 3133 Ex
1123 3073 1179 3132 hac

74 3180 155 3240 Flori
176 3177 269 3256 (Epit.
290 3177 303 3236 l
328 3177 364 3238 13
387 3195 415 3256 p.
439 3175 478 3236 24
500 3177 600 3259 Jahn.)
630 3181 795 3241 narratione
820 3183 1015 3261 proximorum
1034 3180 1179 3258 fragmen·

76 3296 169 3344 torum
190 3281 385 3362 (xtfflxvlt)
408 3300 513 3343 nexum
535 3304 785 3365 progressumque
809 3289 879 3348 licet
898 3289 991 3349 animo
1012 3287 1178 3346 informare.

77 3391 122 3450 Ac
136 3391 170 3450 ir.
188 3387 229 3448 Xl
243 3387 382 3449 Columna
399 3391 503 3468 multa,
525 3393 561 3452 de
578 3411 633 3471 qua
648 3393 722 3453 inira
738 3393 864 3454 delibaui
880 3392 1032 3473 quaedam,
1049 3391 1179 3452 doctrina

77 3495 253 3557 inlustrauit:
278 3513 334 3573 quo
355 3499 534 3574 pertinerent
548 3516 652 3557 uersus
669 3517 723 3558 nec
742 3501 806 3580 ipse
824 3519 879 3560 nec
894 3499 1006 3560 Merula
1021 3505 1070 3555 aut
1085 3496 1180 3553 editor

79 3601 234 3680 Lipsiensis
260 3604 423 3679 persensit:
455 3603 492 3663 de
524 3603 620 3663 classe
644 3605 718 3664 enim
741 3607 794 3665 suh
818 3607 925 3664 initium
947 3601 1019 3663 belli
1041 3598 1139 3659 Punici
1163 3615 1179 3656 a

81 3785 283 3796 ...-...-—-

149 3911 175 3977 *)
191 3912 255 3962 Hinc
273 3912 379 3975 adparet
396 3912 501 3961 secundi
521 3914 620 3963 annalis
638 3914 759 3964 Heminae
775 3911 838 3960 lines
857 3909 984 3971 aliquanto
1005 3909 1105 3973 longius
1122 3921 1181 3972 pro·

84 4001 196 4050 lereudos
219 4013 274 4048 esse
295 4013 369 4060 quam
392 4013 407 4046 u
429 3997 589 4064 Schweglero
614 3999 707 4048 lactum
732 3998 807 4048 uideo
831 3995 893 4046 Hist.
919 3997 990 4047 Rom.
1012 3996 1022 4043 l
1043 3995 1086 4046 87.
1130 3993 1181 4044 Nec

85 4085 236 4151 inprobabile
265 4085 367 4133 uidetur
394 4083 523 4132 Heminam
551 4086 634 4150 primo
661 4086 745 4135 anuali
772 4084 873 4133 urbium
898 4080 1042 4130 Italicarum
1069 4082 1182 4148 origines

85 4181 213 4231 tractasse,
237 4171 349 4220 secundo
373 4185 460 4220 omnes
481 4187 521 4220 res
548 4172 605 4220 inde
623 4186 638 4219 a
656 4171 752 4220 Romae
777 4169 923 4234 primordiis
940 4169 1069 4231 usquead
1087 4168 1182 4216 exitum

85 4257 139 4307 helii
154 4257 282 4305 Tarentini
301 4257 536 4321 comprehendisse,
556 4257 629 4306 tertio
648 4263 786 4318 quartoque
805 4253 871 4304 bella
888 4255 983 4304 Punica
1001 4269 1142 4310 enarrasse,

931 4338 978 4398 d*
