2796 4948
533 366 776 437 uunlovlnu
1151 361 1212 428 171

103 540 165 629 (sic
192 542 226 608 et
248 539 300 608 bic
321 541 354 608 el
379 538 465 607 infra
484 535 666 606 politianus
684 536 775 606 Misc.
800 559 828 607 c.
847 546 887 608 35
913 561 932 608 e
953 538 1084 608 duobus
1104 539 1213 608 llledi-

103 642 189 729 ceis;
208 641 409 711 Homerus
427 639 601 732 utrobique
613 639 733 732 uulgo)
753 640 846 711 ‘dicit
862 641 1077 711 crabronibus
1094 645 1126 710 et
1139 643 1212 712 sole
1247 717 1252 722 ,

103 745 235 836 genitas
272 766 354 835 apes
390 765 473 836 quas
510 743 676 834 nymphae
709 741 941 834 Phryxonides
978 745 1212 831 edueauerunt,

61 867 69 880 ⁵
103 869 194 917 mox
213 847 385 916 Dictaeo
405 867 534 936 specu
555 845 671 916 louis
691 847 890 916 extitisse
911 848 1096 918 nutrices
1114 871 1214 918 eas-

103 973 181 1043 que
218 949 372 1040 pabula
399 970 565 1018 munere
602 949 665 1018 dei
696 949 876 1020 sortitas
911 951 1057 1042 quibus
1094 951 1213 1042 ipsae

102 1075 277 1144 paruum
300 1053 585 1122 educauerant
607 1052 821 1122 alumnum.
864 1053 932 1122 lsta
954 1052 1039 1122 enirn
1061 1054 1213 1146 quamuis

101 1178 169 1226 non
198 1155 378 1225 dedeceant
403 1158 552 1245 peilam,
588 1155 773 1224 summatim
796 1159 905 1225 tamen
934 1158 966 1224 et
989 1178 1057 1226 uno
1086 1160 1213 1226 tantum

101 1259 202 1328 modo
216 1258 382 1328 uersiculo
395 1257 513 1328 leuiter
530 1257 638 1350 attigit
653 1258 825 1350 Vergilius
841 1280 915 1328 cum
928 1259 977 1330 sic
995 1259 1056 1328 ait:
1077 1260 1212 1331 Dictaeo

101 1362 184 1432 caeli
213 1383 328 1452 regem
350 1383 474 1452 peuere
500 1360 562 1430 sub
586 1364 691 1430 antro.
731 1361 797 1430 Sed
816 1384 858 1430 ne
878 1361 958 1430 illud
981 1361 1111 1454 quidem
1132 1386 1214 1454 per·

101 1465 184 1534 tinet
205 1465 247 1534 ad
268 1463 450 1556 agricolas,
480 1463 612 1555 quando
633 1467 665 1533 et
688 1463 722 1532 in
743 1486 809 1556 qua
826 1464 964 1556 regione
987 1463 1126 1554 primum
1148 1488 1214 1536 na·

100 1571 157 1636 iae
183 1567 265 1650 sint,
300 1570 408 1636 utrum
434 1566 467 1634 in
493 1565 666 1636 Thessalia
699 1565 761 1636 sub
790 1565 945 1636 Aristaeo
976 1589 1018 1636 an
1048 1567 1215 1640 ininsula

102 1669 188 1754 Cea,
217 1673 252 1738 ut
269 1668 380 1738 scribit
398 1668 624 1738 Euhemerus.²

206 1935 395 2006 Lactantius
415 1933 489 2004 Diu.
509 1934 586 2005 Inst.
609 1936 662 2006 Ic.
679 1947 717 2008 14
746 1937 887 2008 ‘relicua
908 1937 1043 2009 historia
1064 1938 1112 2011 sic
1130 1961 1215 2008 eon-

102 2039 241 2108 texitur:
269 2039 380 2109 louem
408 2037 571 2124 adolium,
600 2061 672 2108 cum
697 2039 845 2110 audisset
865 2044 989 2134 patrem
1020 2045 1118 2134 atque
1139 2065 1215 2112 ma-

100 2145 186 2210 trem
214 2141 371 2212 custodiis
403 2140 660 2233 circumsaeptos
690 2145 789 2236 atque
823 2144 856 2213 in
882 2145 1014 2214 uincula
1048 2144 1215 2214 coniectos

104 2245 238 2315 uenisse
266 2268 340 2314 cum
363 2266 487 2336 magna
509 2243 715 2315 Cretensium
744 2245 964 2334 multitudine,
998 2247 1215 2342 Titanumque

101 2370 141 2417 ao
170 2347 259 2418 filios
286 2349 358 2418 eius
385 2347 566 2440 pugnando
597 2349 735 2436 uicisse,
773 2353 928 2440 parentes
959 2351 1099 2422 uinculis
1130 2374 1215 2421 exe-

102 2451 223 2535 misse,
251 2451 334 2541 patri
366 2473 507 2542 regnum
531 2451 715 2521 reddidisse
744 2456 842 2545 atque
871 2454 916 2522 ita
942 2455 974 2523 in
1001 2453 1129 2525 Cretam
1157 2477 1215 2525 re-

101 2575 251 2623 measse:
292 2556 370 2645 post
402 2553 483 2622 haee
520 2553 638 2624 deinde
672 2555 816 2625 Saturno
851 2557 958 2626 datam
996 2561 1136 2643 sortem,
1178 2565 1216 2626 ut

102 2660 238 2726 caueret
267 2679 308 2726 ne
338 2654 427 2726 filius
453 2677 528 2726 eum
557 2679 663 2749 regno
687 2659 884 2748 expelleret:
920 2657 1011 2728 illum
1035 2660 1215 2730 eleuandae

102 2759 205 2830 sortis
231 2762 329 2853 atque
352 2759 532 2850 effugiendi
558 2760 692 2851 periculi
721 2761 829 2852 gratia
857 2761 1044 2831 insidiatum
1064 2763 1151 2848 Ioui,
1179 2767 1216 2833 ut

102 2873 179 2932 eum
206 2864 354 2932 necaret:
388 2863 500 2932 louern
526 2863 668 2956 cognitis
697 2863 823 2934 insidiis
850 2887 991 2957 regnum
1016 2865 1078 2935 sibi
1106 2853 1215 2936 denuo

103 2966 293 3035 uindicasse
319 2988 359 3036 ac
386 2967 527 3058 fugasse
549 2967 744 3052 Saturnum,
781 2967 836 3060 qui
860 2989 934 3037 cum
958 2969 1096 3039 iactatus
1125 2971 1216 3039 esset

101 3065 163 3160 per
195 3090 310 3137 omnes
339 3072 445 3138 terras
476 3070 753 3162 persequentibus
780 3071 930 3158 armatiS‚
965 3095 1050 3166 quos
1075 3073 1216 3143 adeum

102 3170 447 3262 comprehendendum
472 3172 523 3241 uel
550 3173 732 3242 necandum
749 3173 893 3266 luppiter
917 3175 1068 3262 miserat,
1104 3176 1161 3246 uix
1183 3176 1217 3246 in

101 3274 196 3344 ltalia
219 3274 326 3344 locum
350 3275 382 3343 in
404 3297 470 3368 qno
492 3275 609 3345 lateret
630 3275 774 3346 inuenit’
810 3275 860 3347 Cl.
878 3277 905 3347 ll

621 3423 683 3493 Vll

49 3548 84 3610 30
207 3537 332 3606 Deinde
354 3536 425 3606 Pan
461 3521 536 3607 enm
570 3541 700 3610 deducit
728 3541 761 3609 in
787 3544 948 3625 montem,
989 3542 1043 3633 qui
1077 3545 1217 3612 uocatur

102 3640 184 3710 caeli
209 3639 301 3708 stela.
341 3639 523 3734 Postquam
545 3664 585 3712 eo
612 3645 775 3729 ascendit,
804 3643 1044 3734 contemplatus
1073 3647 1124 3714 est
1150 3645 1216 3716 lete

102 3849 170 3901 seat,
191 3840 310 3906 prohibet
323 3840 437 3892 eiusdem
450 3842 575 3894 lactantii
588 3845 705 3910 Epitome
719 3861 741 3894 e.
759 3845 791 3896 13
862 3847 910 3896 Vll
928 3846 1073 3896 Lactantius
1083 3845 1142 3896 Diu.
1154 3848 1215 3900 Inst.

102 3913 150 3960 lc.
167 3911 198 3961 ll
226 3910 267 3959 ‘in
285 3925 377 3960 saera
391 3911 534 3963 historia
549 3915 587 3964 sic
598 3915 694 3964 Ennius
707 3915 950 3973 traditsdeinde'
965 3933 987 3964 e.
1004 3931 1028 3978 q.
1044 3931 1065 3965 s.

100 4035 311 4046 ...μ-..-

145 4103 181 4157 30
200 4100 258 4153 Pan
283 4117 345 4154 eum
358 4101 485 4171 plerique
500 4102 571 4157 libri.
594 4121 715 4174 paneam
734 4107 792 4159 siue
812 4119 951 4173 panaeum
972 4104 1021 4159 ulii
1038 4103 1110 4160 libri.
1129 4121 1217 4173 paue-
1252 4157 1258 4172 ,

12 4157 25 4210 ³³·
103 4185 180 4239 nium
205 4181 276 4255 Rep.
305 4186 509 4256 antiquissimus
599 4193 632 4246 31
661 4191 730 4244 stela
756 4188 906 4244 Ciaconiua.
930 4188 1010 4244 stella
1034 4203 1086 4244 ms.
1115 4188 1215 4246 Victor.

105 4268 184 4323 stella
197 4269 283 4323 cereri
295 4269 358 4324 libri
370 4274 396 4324 et
408 4269 469 4324 edd.
486 4285 579 4327 omnes
