2796 4948
266 351 328 418 174
513 401 519 410 .
546 355 835 416 lucssronvm
862 358 1091 415 LIBRORVM

264 525 404 598 affectus
430 523 629 618 sempiterna
656 525 858 596 monimenta
881 527 951 598 suis
977 527 1122 620 reliquit:
1155 530 1263 598 aetate
1289 550 1355 618 pes-

208 641 249 704 70
264 651 339 702 sum
356 631 430 700 acta
449 627 482 700 in
499 625 597 700 Creta
616 628 717 698 uitam
735 631 949 700 commutauit
966 635 999 700 et
1016 631 1058 700 ad
1078 631 1161 701 deos
1183 631 1263 700 abiit
1278 652 1355 700 eum-

264 755 329 826 que
354 729 492 804 Curetes
513 731 571 802 iiiii
593 730 646 801 sui
670 737 871 802 curauerunt
893 734 1203 826 decorauemntque
1225 757 1312 820 eum3
1333 737 1357 800 et

264 833 452 928 sepulcrum
476 833 548 905 eius
570 838 622 904 est
646 831 679 902 in
701 831 800 904 Creta
820 837 853 904 et
876 835 910 906 in
936 836 1059 926 oppido
1083 836 1216 907 Gnosso
1238 840 1270 906 et
1292 834 1358 902 dioi-

263 942 318 1008 tur
339 937 446 1008 Vesta
466 937 551 1006 hano
570 937 684 1008 urbem
709 937 895 1026 creauisse3
930 939 1030 1030 inque
1049 940 1207 1029 sepulcro
1234 940 1302 1008 eius
1320 941 1359 1004 est

263 1040 454 1132 inscriptum
477 1039 621 1132 antiquis
638 1038 755 1109 litteris
775 1039 910 1110 Graecis
929 1041 1031 1110 ZAN
1041 1042 1248 1112 KPONOY
1271 1041 1302 1110 id
1321 1042 1360 1108 est

208 1160 248 1220 75
264 1143 379 1214 Latine
396 1141 542 1234 luppiter
564 1140 707 1212 Saturni.
782 1243 857 1314 Xffl

367 1360 557 1434 Lactantius
571 1359 645 1430 Diu.
659 1358 737 1429 lust.
759 1358 772 1428 1
790 1369 870 1428 c.17
899 1366 1000 1452 ‘quae
1024 1362 1142 1452 prima'
1162 1361 1225 1450 (so.
1244 1358 1361 1445 Venus)

266 1467 319 1534 ‘ut
346 1463 379 1534 in
404 1463 542 1534 historia
566 1483 663 1534 sacra
686 1461 888 1546 continetur,
912 1466 1014 1532 artem
1038 1465 1259 1535 meretriciam
1281 1461 1361 1532 insti·

264 1567 327 1638 tuit
351 1570 533 1660 auctorque
556 1563 747 1636 mulieribus
770 1563 803 1632 in
827 1563 939 1656 Cypro
957 1567 1035 1652 fuit,
1063 1569 1109 1637 uti
1135 1568 1278 1660 uulgato
1299 1587 1362 1634 nor·

264 1691 346 1762 pore
373 1673 547 1762 quaestum
573 1669 736 1738 facerent:
769 1668 860 1759 quod
882 1667 1002 1739 idcirco
1023 1671 1217 1762 imperauit,
1249 1691 1288 1738 ne
1305 1666 1361 1736 soin

171 1857 172 1860 Ἴ
263 1777 395 1863 praeter
412 1772 494 1842 olias
517 1772 671 1841 mulieres
690 1769 854 1860 impudica
877 1773 910 1840 et
929 1771 1074 1842 uirorum
1094 1777 1259 1865 appetens
1283 1770 1361 1840 uide-

264 1875 374 1946 retur!
419 1872 469 1945 Cf.
493 1874 645 1966 Epitome
664 1894 692 1943 o.
714 1881 733 1942 9

781 1973 861 2044 XIV

682 2093 796 2184 gluma

597 2295 657 2364 EX
683 2293 879 2365 INCERTIS
907 2295 1045 2365 LIBRiS

813 2465 827 2534 Ι

368 2566 403 2636 ln
421 2565 553 2656 templis
571 2565 674 2635 isdem

368 2769 665 2858 interponendum
804 2669 832 2738 H

370 2973 493 3044 Versat
515 2993 704 3042 mucronem
803 2872 842 2942 HI

300 3173 362 3224 XIV
386 3174 467 3222 Varro
487 3173 519 3224 de
539 3189 567 3224 re
585 3175 679 3224 mistica
696 3176 708 3224 I
728 3173 762 3224 48
786 3175 878 3224 ‘arista
897 3181 921 3223 et
940 3188 1048 3239 manum
1066 3173 1185 3223 omnibus
1203 3173 1258 3225 fere
1278 3177 1361 3220 notum:

267 3243 373 3312 giumo
384 3243 483 3308 paucis.
512 3245 599 3306 ltaque
613 3244 640 3293 id
654 3244 723 3309 apud
736 3244 845 3294 Ennium
860 3244 944 3294 solum
956 3244 1079 3307 scriptum
1093 3244 1149 3300 soio,
1163 3259 1222 3295 esse
1236 3245 1262 3292 in
1274 3237 1361 3290 nune-

266 3313 346 3364 meri
366 3311 465 3362 libris
483 3313 608 3362 uersis!
632 3315 685 3378 (sio
708 3317 754 3362 ‘ex
772 3314 932 3364 uenerandae
944 3313 1078 3362 uetustatis
1092 3313 1237 3378 exemplari
1250 3329 1264 3362 e
1275 3306 1362 3376 publice

266 3383 350 3450 gentis
361 3381 476 3516 Medica)e
492 3381 660 3434 bibliothece’
690 3383 830 3434 Politianus
851 3383 922 3432 Miso.
948 3399 969 3432 o.
989 3381 1032 3433 35.
1054 3381 1075 3431 E
1082 3380 1285 3447 phemeridis
1304 3388 1362 3426 uor-

267 3453 357 3504 sibus
373 3453 451 3518 uulgo

300 3539 341 3588 Ex
360 3548 486 3586 lucensis
504 3547 594 3588 uerus
630 3537 641 3586 1
660 3535 747 3586 Cicero
763 3535 831 3586 Orat.
849 3535 893 3594 47,
915 3535 962 3584 157
982 3534 1100 3584 ‘isdem
1119 3547 1255 3597 campus
1268 3527 1361 3580 hauet,

266 3607 348 3670 iuquit
359 3606 472 3666 Ennius,
491 3612 516 3656 et
534 3606 566 3655 in
582 3605 714 3670 templis
735 3605 845 3656 isdem.
866 3603 899 3652 At
919 3604 1016 3654 eisdem
1034 3611 1088 3654 erat
1107 3602 1207 3661 uerius,
1228 3616 1276 3652 neo
1294 3604 1362 3646 tanen

266 3676 385 3744 probauit
409 3683 436 3726 ut
461 3675 587 3739 opimium
618 3675 684 3724 male
707 3674 813 3725 sonabat
836 3672 944 3722 iisdem:
968 3674 1131 3737 impetratum
1153 3677 1193 3720 est
1210 3685 1228 3718 a
1246 3671 1361 3718 eonsuetu-

266 3747 326 3796 dine
348 3753 376 3794 ut
398 3759 505 3810 peooure
527 3744 662 3794 suauitatis
686 3759 765 3794 eausa
787 3742 892 3794 linerat!
974 3743 995 3792 ii
1026 3740 1131 3794 Seruius
1157 3740 1185 3788 iu
1208 3739 1264 3788 Eoi.
1290 3735 1317 3794 9,
1336 3726 1362 3778 23

267 3813 541 3879 ‘interagendum
639 3812 774 3862 Afranius:
799 3810 1046 3873 interloquendum.
1081 3810 1193 3860 Ennius:
1220 3809 1363 3866 interpo-

266 3884 421 3935 nendum.’
497 3883 533 3932 ΙΙΙ
555 3881 660 3933 Seruius
684 3883 710 3931 in
730 3883 794 3931 Aen.
819 3881 855 3931 IX
876 3879 927 3930 748
950 3882 1093 3942 ‘uersum
1117 3878 1209 3939 librat,
1236 3878 1320 3932 iactum
1343 3872 1362 3915 et

272 4006 476 4020 ...—..-.--

307 4091 342 4146 69
361 4102 478 4158 pessum
494 4089 557 4140 aeta
570 4082 624 4138 duco
639 4081 708 4154 Ray.
723 4082 898 4137 oenotrisurimi
911 4095 972 4135 uum
988 4081 1049 4134 olr'is
1060 4081 1201 4152 plurimis.
1216 4076 1361 4149 pessumae

264 4173 310 4228 uei
328 4175 489 4242 persumata
508 4168 557 4222 olii
576 4167 640 4222 libri
723 4169 758 4223 74
779 4164 866 4220 ZAN
881 4167 999 4235 optimus
1013 4163 1218 4236 Rem-Peucon.
1240 4179 1300 4218 mm
1313 4154 1362 4211 uiis

264 4256 363 4312 murts.
381 4252 464 4328 aava
478 4253 523 4308 aa
537 4249 623 4324 naua
638 4250 704 4320 aeq.
718 4250 791 4304 rann.
805 4235 880 4315 Ζεύς
890 4249 1045 4319 peraeae
1059 4247 1122 4304 eon.
1198 4327 1202 4342 ι
