2784 4940
210 397 288 444 xxm
465 423 466 426 =
608 391 918 462 QVAESTIONES

214 554 358 616 uideatur:
388 574 471 635 quam
496 573 557 617 rem
585 575 623 618 ne
646 557 781 620 subtilior
808 561 923 640 quidem
951 563 980 622 in
1007 563 1065 624 boc
1093 581 1204 642 genere
1233 573 1336 644 poeta

213 663 360 741 Vergilius
384 663 538 740 deuitauit,
562 664 610 742 qui
625 662 698 724 Aen.
714 665 755 728 Vl
775 665 854 744 723,
877 687 962 747 quem
977 669 1073 730 locum
1089 669 1237 748 llbergius
1253 671 1335 730 indi-

214 771 292 832 cauit
312 787 340 849 p.
360 767 415 844 17,
442 769 597 830 Anchisam
621 768 810 832 descendenti
827 773 863 834 ad
878 775 988 836 inleros
1003 776 1124 838 Aeneae
1138 777 1208 838 iacit
1226 793 1335 855 prorn-

214 887 290 959 ptam
311 897 327 938 e
347 886 448 938 natura
474 895 569 938 rerum
591 879 760 957 sapientiam
782 897 929 942 enarrare.
965 882 1011 942 An
1032 892 1090 943 tam
1112 886 1241 964 ineptam
1264 901 1338 944 rem

215 985 322 1048 Ennius
341 985 418 1064 egit,
443 984 520 1063 quod
543 986 622 1064 prius
642 1003 725 1064 quam
744 986 780 1048 ad
800 1003 936 1049 summam
955 991 1138 1065 sententiam,
1163 991 1337 1050 animarum

216 1093 450 1170 translationem,
479 1090 652 1167 accederet,
681 1095 768 1173 paulo
791 1113 879 1176 supra
900 1105 1037 1176 repetens
1059 1083 1154 1158 mundi
1180 1096 1340 1174 originem

217 1200 429 1279 animarumque
452 1207 579 1259 naturam
603 1199 789 1278 exponeret?
815 1201 852 1263 Et
874 1203 1017 1263 annalium
1039 1205 1064 1263 si
1086 1221 1143 1264 non
1166 1212 1233 1263 sunt
1259 1223 1339 1264 uer·

217 1324 267 1366 sus
281 1306 333 1381 illi,
356 1306 401 1366 cni
417 1307 531 1368 tandem
547 1309 664 1368 carmini
679 1305 840 1369 infercias?
862 1305 908 1368 De
923 1307 1110 1388 Epicharmo,
1125 1310 1340 1390 philosophae

217 1412 366 1472 doctrinae
384 1412 498 1490 dicato,
528 1414 662 1493 quoniam
683 1409 850 1492 Epicharmi
872 1433 993 1492 uersus,
1018 1417 1061 1479 illi
1082 1418 1197 1496 quidem
1216 1419 1270 1497 qui
1297 1437 1341 1478 ex

217 1517 390 1598 Epicharmo
411 1521 583 1584 adferuntur·
602 1520 729 1596 diserte,
757 1539 877 1581 numero
899 1522 1050 1584 trochaico
1070 1525 1247 1600 decurrunt,
1272 1543 1342 1584 uon

216 1625 343 1688 debebat
365 1629 480 1688 omnino
502 1627 640 1705 cogitari:
667 1627 721 1686 nisi
735 1628 777 1704 is,
802 1631 849 1690 cui
862 1629 927 1690 iere
941 1629 1083 1691 debentur
1096 1632 1276 1710 superstites
1298 1651 1342 1692 ex

216 1733 274 1794 hoc
295 1753 406 1812 genere
421 1753 541 1810 uersus,
572 1734 666 1794 Varro
685 1732 872 1794 hexametros
891 1735 958 1819 illos¹
980 1739 1062 1816 ipsos
1081 1755 1154 1817 quos
1172 1737 1343 1798 Lucretius

215 1839 367 1901 uidebatur
385 1841 534 1902 annalibus
550 1841 666 1902 tradere
684 1859 738 1901 uua
754 1859 818 1902 cum
836 1843 970 1904 uersibus
985 1847 1142 1908 trochaicis
1155 1863 1193 1905 ex
1207 1847 1342 1921 eodem,

216 1955 247 2006 ut
268 1955 384 2026 putant,
413 1947 587 2027 Epicharmo
608 1947 779 2008 rettulisset.
825 1948 958 2028 Adposui
981 1953 1070 2029 inira,
1100 1961 1130 2012 ut
1148 1952 1343 2030 intelligatur

217 2055 284 2134 quid
300 2053 356 2115 boc
371 2057 415 2117 rei
432 2056 483 2132 sit,
504 2055 645 2115 Varronis
660 2053 775 2132 integra
790 2054 880 2115 uerba
896 2056 995 2136 (deb.
1014 2057 1045 2117 b.
1061 2059 1089 2117 v
1104 2059 1144 2120 59
1160 2059 1234 2139 ll.):
1261 2066 1344 2122 haec

217 2165 270 2220 duo
295 2167 401 2222 eoelum
427 2174 453 2222 et
480 2172 558 2223 terro
584 2167 657 2240 pccod
684 2169 777 2222 cuano
807 2173 834 2223 ct
863 2183 965 2240 corpus
992 2169 1113 2226 umidum
1140 2177 1165 2226 et
1191 2169 1344 2244 frigidum

218 2277 296 2328 terro
309 2274 368 2328 siue
382 2291 435 2330 oua
445 2277 546 2348 parire
556 2276 624 2331 solet
634 2289 722 2348 penus
732 2277 834 2347 pennas
847 2272 1067 2344 condecoratam,
1082 2293 1137 2333 nore
1152 2280 1289 2348 ochram,
1311 2289 1346 2336 αι

218 2382 258 2434 cit
277 2379 399 2451 Erucius,
430 2387 536 2454 etpost
557 2381 621 2436 inde
647 2385 723 2437 uenit
749 2382 877 2440 diuinitm
891 2381 987 2467 'pallas
1015 2384 1078 2455 ipsu
1100 2385 1193 2439 animo
1217 2387 1284 2441 siue
1311 2395 1345 2443 αι

218 2485 312 2543 Zenon
335 2489 434 2546 Citieus
455 2489 614 2545 animalium
635 2480 820 2562 scmen'ipnis
842 2491 865 2544 is
889 2490 937 2561 pai
957 2490 1049 2544 cniucc
1077 2507 1112 2546 oc
1141 2505 1226 2546 ment.
1281 2493 1348 2560 Qut

219 2597 317 2653 caldor
335 2613 351 2653 e
369 2599 446 2655 coelo
469 2599 542 2670 quod
563 2597 607 2652 hic
632 2595 844 2652 innumerabiles
870 2611 905 2651 oc
932 2599 1091 2654 inmortales
1116 2600 1205 2670 ipnes:
1237 2600 1346 2672 itaque

220 2703 461 2774 Epicharmos
476 2707 510 2762 de
524 2712 613 2761 mente
628 2703 750 2758 Ιαααααα
766 2703 831 2760 dicit
846 2706 931 2759 istic
946 2710 986 2760 est
1001 2705 1035 2761 de
1049 2706 1106 2761 sole
1121 2711 1247 2776 sumptus
1263 2708 1345 2778 agnis

220 2809 249 2865 id
270 2816 311 2866 est
329 2811 372 2866 sol
393 2816 433 2867 est
452 2813 529 2883 isque
544 2817 613 2866 totus
629 2813 725 2866 ments
739 2819 788 2867 est.
827 2803 940 2866 Etenim
956 2805 1122 2866 dirimentes
1138 2824 1153 2866 a
1170 2825 1260 2866 uersu
1279 2827 1344 2870 suo

219 2918 279 2973 tatic
301 2930 461 2992 pronomen
484 2930 547 2972 cum
569 2909 735 2991 Epicharmi
758 2914 873 2973 nomine
896 2912 1044 2971 nouissimi
1063 2914 1178 2990 quidem
1199 2913 1344 2976 editores

222 3001 409 3097 coniungunt,
432 3037 490 3098 quo
513 3020 681 3099 superiores
698 3035 801 3078 uersus
817 3018 1004 3078 hexametros
1020 3037 1057 3079 ex
1075 3019 1203 3080 eiusdem
1220 3030 1342 3100 poetae

219 3126 312 3187 Siculi
335 3144 386 3186 ore
410 3125 529 3186 linxisse
552 3126 740 3203 significetur.
781 3123 819 3182 m
840 3123 917 3184 bunc
937 3123 1017 3185 nihili
1041 3143 1108 3186 esse
1127 3135 1231 3186 testem
1250 3138 1342 3189 certa

222 3253 325 3294 uersus
340 3232 550 3312 interpolatrioi
566 3251 648 3293 manu
661 3230 736 3291 male
748 3231 893 3290 attrectati
906 3233 1068 3294 emendatio
1083 3233 1223 3292 ostendit:
1244 3252 1342 3312 quem
1387 3231 1388 3310 ξ

223 3360 286 3402 cum
308 3340 443 3417 Scaliger
471 3341 540 3401 olim
569 3344 596 3401 in
624 3341 699 3401 bunc
725 3338 840 3398 modum
866 3346 1036 3418 purgasset:
1065 3346 1125 3400 istic
1152 3351 1191 3399 est
1220 3343 1257 3398 de
1277 3349 1343 3402 sule
1387 3341 1388 3400 i

221 3457 345 3526 sumptus
366 3452 436 3524 pais
455 3454 531 3524 isqsae
552 3453 647 3506 mentia
669 3456 718 3523 cst,
740 3445 828 3524 paulo
847 3443 1026 3524 probabilius
1041 3445 1184 3524 Berghius
1208 3445 1226 3505 l.
1249 3444 1271 3504 l.
1295 3446 1343 3507 ita

222 3558 250 3617 in
272 3557 421 3636 pristinam
443 3553 572 3633 speciem
593 3553 718 3612 restituit
740 3570 835 3611 suam:
857 3557 975 3612 laticem
996 3555 1101 3610 desole
1117 3559 1344 3628 complosisque
1387 3583 1388 3588 κ

222 3668 291 3724 tolus
312 3669 409 3722 mendas
428 3674 478 3722 eat.
510 3660 548 3720 ht
570 3660 664 3720 eidem
686 3659 729 3720 illi
752 3659 788 3719 de
811 3656 914 3736 quibus
938 3671 1034 3716 sermo
1056 3665 1102 3717 est
1122 3674 1225 3716 uersus
1240 3656 1342 3718 bexa-

222 3771 305 3831 metri
321 3769 490 3849 quibusdam
506 3771 642 3850 expressi
658 3767 829 3829 uidebantur
839 3781 885 3826 ex
902 3755 946 3825 bis
959 3763 1082 3824 Graecis
1093 3779 1167 3842 quos
1179 3762 1343 3839 Diogenes

223 3875 352 3938 Laertius
376 3875 432 3958 (ΠΙ
456 3877 495 3938 12
516 3896 544 3956 p.
568 3876 610 3936 72
633 3875 678 3936 ed.
700 3875 783 3954 Did.)
806 3874 934 3933 seruauit
956 3869 1138 3950 Epicharmi:

388 3995 519 4080 mipene,
540 3991 572 4062 τό
596 3993 691 4078 σοφόν
713 3995 791 4059 ἔστιν
812 3987 847 4058 οὗ
870 3985 945 4058 καθ’
966 3995 1002 4056 ἓν
1023 3989 1124 4073 μόνον,

390 4095 457 4165 ἀλλ’
482 4095 578 4165 ὁπόσα
599 4123 654 4182 περ
674 4101 724 4184 ζῇ,
750 4091 849 4160 πάντα
871 4096 922 4159 καὶ
944 4089 1067 4178 γνώμαν
1088 4093 1153 4175 ἔχει.
1246 4119 1248 4123 ·

387 4203 438 4266 καὶ
457 4196 515 4286 γὰρ
535 4197 565 4266 rb
588 4207 669 4284 θῆλυ
690 4207 747 4264 τᾶν
766 4192 962 4280 ἆλτκτορίδων
983 4197 1076 4280 γένος,

389 4307 421 4369 αἰ
443 4309 495 4389 λῇς
518 4309 704 4384 καταμαθεῖν
726 4295 837 4381 domii,
860 4294 895 4363 αὖ
917 4303 1004 4364 τίκτει
1025 4299 1114 4362 τέκνα
