2796 4948
197 376 262 444 ιω
520 377 990 438 uenvruncarrcoavn

561 577 940 651 HEDVPHAGETICA

299 764 460 838 Omnibus
480 767 523 836 ad
541 764 699 857 Clupeam
720 767 867 856 praestat
886 762 1027 832 mustela
1049 764 1182 832 marina.

299 869 410 940 Mures
432 873 510 938 sunt
528 869 629 953 Aeni,
657 867 769 958 spissa
787 869 899 936 ostrea
921 865 1061 957 plurima
1083 865 1200 957 Abydi.

299 971 360 1042 ttst
394 975 512 1063 pecten
541 971 717 1062 Mitylenae
748 973 782 1038 et
810 969 898 1060 apud
927 967 1127 1038 Charadram
1162 968 1291 1036 Ambra-

860 1093 1019 1163 clamque.

299 1173 476 1244 Brundusii
495 1177 648 1266 sargust:
675 1173 762 1244 bunc
783 1195 926 1265 magnius
952 1174 981 1242 si
1006 1173 1067 1242 erit
1084 1171 1141 1243 tibi
1161 1193 1259 1242 sume.

257 1287 276 1350 ⁵
304 1275 496 1367 Apriculum
517 1277 642 1369 piscem
662 1277 745 1346 scito
766 1277 905 1368 primum
927 1299 1003 1346 esse
1021 1274 1165 1345 Tarenti.

301 1378 451 1449 Surrenti
470 1379 543 1448 laec
562 1401 653 1450 emas
671 1379 842 1472 helopem,
871 1379 1027 1470 glaucum
1048 1400 1131 1468 cape
1152 1375 1272 1446 Cumis.

234 1581 478 1633 lltnvnunttsrrcs
514 1579 658 1646 Appuleius
672 1581 705 1630 de
716 1581 803 1645 magia
816 1596 838 1630 c.
849 1579 884 1631 att
896 1595 923 1644 p.
932 1579 984 1630 484
996 1578 1061 1628 Oud.
1082 1576 1126 1635 ‘Q.
1142 1577 1240 1627 Ennius
1253 1578 1307 1626 ile-

200 1650 435 1716 dypbagetiea'
454 1648 881 1715 (bedipbageticaFux.Pith.
895 1648 1017 1698 bedeus
1030 1646 1308 1712 phagiticai'lor.e

200 1719 453 1785 bedipbagitica
470 1718 537 1768 rior.
552 1734 576 1768 a.
596 1719 852 1784 edesplragiticn
866 1718 939 1767 Fulu.
962 1716 1235 1782 Hedypatbetica
1251 1716 1310 1766 Sca-

200 1788 267 1854 liger
280 1788 360 1839 (latei.
375 1805 401 1854 p.
417 1785 483 1851 215)
509 1791 589 1852 ‘quaa
610 1789 727 1838 uersibus
745 1789 849 1853 scripsit
868 1787 1066 1836 innumerabilia
1083 1786 1197 1850 piscium
1220 1801 1310 1850 genera
1388 1803 1389 1826 r

154 1859 156 1862 ’
201 1865 346 1918 enumerat,
365 1873 430 1922 quae
448 1857 547 1906 scilicet
567 1857 666 1907 curiose
682 1865 811 1922 cognorat.
843 1858 941 1906 Paucos
958 1871 1049 1906 uersus
1068 1855 1191 1916 memini,
1211 1869 1255 1905 eos
1274 1855 1310 1904 di-

201 1942 271 1977 cem:
288 1928 418 1977 omnibus’
434 1942 457 1976 e.
473 1943 498 1989 q.
513 1942 535 1976 s.
560 1927 641 1976 ‘alius
657 1928 734 1976 etiam
752 1926 840 1976 multis
858 1927 976 1976 uersibus
992 1925 1137 1984 decorauit,
1156 1932 1182 1973 et
1195 1924 1240 1974 ubi
1252 1939 1312 1990 gen-

200 1997 264 2046 tium
279 1998 388 2060 quisque
401 2011 502 2056 corum,
521 1995 662 2060 qualiter
676 2011 770 2047 assus
789 2005 843 2046 aut
861 1996 1081 2046 iussnleutus’
1105 1994 1312 2059 (iusuleutus

246 2175 262 2226 l
288 2171 418 2226 omnibus
444 2175 475 2224 ut
495 2167 602 2240 Clypea
624 2169 696 2224 libri.
721 2169 852 2226 omnibus
881 2175 909 2224 at
932 2167 1053 2240 Clupeas
1077 2167 1224 2222 Turnebus
1243 2167 1313 2222 Adu.
1388 2183 1389 2223 t

202 2252 280 2309 XXI
303 2259 354 2320 21,
382 2253 507 2325 Scatiper
590 2259 608 2312 2
635 2253 708 2308 Aeni
729 2254 840 2325 spissa]
868 2253 940 2308 Aeni
962 2269 1064 2324 aspera
1084 2251 1156 2306 libri.
1179 2251 1254 2306 Aeni
1276 2258 1317 2306 ast
1388 2255 1389 2312 l

203 2353 288 2407 aspra
310 2337 466 2407 diametra,
491 2336 633 2410 Scarus,
656 2337 842 2394 Casaaboaus.
870 2337 976 2406 Aenid;
997 2353 1081 2408 aspre
1103 2335 1262 2392 Salmasius
1282 2337 1319 2391 ad
1388 2331 1389 2368 l

204 2420 288 2477 Solia.
308 2438 340 2493 p.
362 2423 414 2481 794
499 2429 612 2476 austrea
632 2420 690 2476 uidi
712 2423 830 2478 Donati·
915 2428 998 2481 best
1022 2427 1121 2492 pecten
1144 2421 1317 2493 Mitylenae]
1388 2435 1389 2470 t

203 2505 352 2576 mitylenae
373 2512 476 2577 pecten
492 2505 572 2560 Flor.
588 2522 616 2560 a.
637 2507 791 2578 Mithylena
809 2513 851 2561 est
873 2514 974 2578 pecten
994 2505 1066 2561 Pia.
1086 2507 1228 2573 (aluid.)
1256 2523 1318 2559 mus
1388 2481 1389 2524 ¹

203 2589 345 2644 Mitilenae
368 2597 411 2646 est
430 2595 531 2662 pecten
552 2589 631 2646 Flor.
654 2591 749 2646 cedd.
771 2595 834 2644 ante
857 2589 972 2648 Oasartb.
995 2608 1057 2645 mus
1080 2591 1255 2662 Mitbylenae
1277 2597 1320 2643 est

203 2680 299 2746 petere
317 2677 362 2740 (at
373 2675 445 2741 aid.)
460 2674 578 2730 Doruill.
593 2675 745 2745 Mitylenae
761 2681 804 2730 est
822 2682 922 2746 pecten
938 2675 1125 2732 accamanus.
1144 2676 1261 2745 rnitylus
1276 2681 1320 2728 est

203 2765 304 2830 pecten
320 2757 446 2831 Scalr'ycr
532 2765 559 2812 et
574 2758 650 2828 apud
667 2759 850 2826 Charadram]
867 2759 1014 2814 caradrum
1032 2757 1108 2829 apud
1124 2759 1229 2812 Flora
1244 2758 1319 2812 Ptm

205 2841 401 2914 caradriuique
425 2842 501 2914 apud
520 2843 599 2897 Flnr.
616 2859 639 2897 c.
661 2843 863 2914 caradiumque
885 2843 961 2915 apud
976 2841 1094 2900 Dormit.
1111 2842 1321 2913 caradrumque
1388 2879 1389 2926 y

205 2927 264 2998 (uel
277 2930 364 2997 quae)
382 2926 458 2999 apud
474 2926 556 2982 Fata.
572 2926 634 2986 edd.
653 2932 717 2982 aaa
731 2927 848 2983 Gasaub.
865 2943 989 3000 aperque
1006 2926 1082 2998 apud
1099 2927 1254 2982 Turnebus.
1275 2945 1321 2982 ca·
1388 2951 1389 2954 ¹

204 3027 327 3082 prosque
347 3012 424 3082 apud
439 3010 625 3069 casaubonus.
650 3011 862 3083 charadrusque
883 3011 959 3084 apud
981 3011 1115 3084 Scaliper.
1137 3011 1321 3066 charadrum-

206 3111 259 3166 que
279 3093 432 3152 Salmasius
517 3095 770 3166 Ambraciamque]
799 3096 968 3152 Vmbraciae
996 3097 1167 3166 (Vmbracie
1187 3097 1234 3151 uel
1249 3095 1320 3149 Vm-

204 3178 293 3235 bratie
309 3179 382 3234 Pitlt.
398 3179 532 3240 Doruill.)
555 3179 620 3234 linis
642 3183 685 3247 (ut
704 3181 783 3238 Flor.
803 3198 821 3235 a
835 3176 865 3255 c)
888 3183 949 3238 siae
968 3180 1040 3235 fines
1054 3179 1117 3235 tttri
1136 3185 1162 3234 et
1176 3181 1238 3235 edd.
1259 3186 1322 3235 uate
1352 3247 1354 3252 Ι

206 3261 323 3320 caston
340 3263 559 3320 Ambracienses
575 3263 761 3320 Oasauboaus.
779 3265 947 3321 Ambraciae
962 3281 1061 3320 amnes
1079 3263 1232 3331 Turnebus,
1249 3265 1318 3320 Sca-

205 3349 283 3420 ena.
310 3348 470 3404 Ambracias
493 3347 647 3404 sarmatas
736 3349 927 3407 tnrunuusrt
945 3350 1072 3421 presque
1092 3348 1162 3403 aaa
1185 3349 1321 3404 ssrrnursu
1388 3337 1389 3352 ¹

206 3433 284 3490 Flor.
305 3448 330 3487 c.
345 3433 490 3489 ‘Brundini
516 3430 635 3488 Doruill.
662 3432 806 3488 Brundisii
832 3435 879 3490 uel
898 3434 1036 3488 Brentesii
1061 3432 1261 3488 Lachmanaus
1285 3433 1324 3488 ad
1388 3449 1389 3468 ¹

207 3518 291 3576 Lacr.
315 3518 342 3574 V
356 3523 424 3578 1006
445 3535 476 3588 p.
491 3520 554 3575 328.
579 3516 714 3572 Brundisi
734 3517 761 3574 Ι.
787 3518 818 3573 V.
836 3517 998 3572 Fraaclrius
1022 3503 1101 3587 apud
1124 3516 1321 3572 Suerdsr'oeum

213 3600 293 3658 Vina.
307 3617 407 3672 praec.
424 3601 512 3658 Bana
532 3619 562 3672 p.
581 3605 626 3660 53.
650 3601 808 3658 Brundusio
831 3601 1014 3658 Suerdsiacus
1035 3604 1103 3672 ipse.
1128 3600 1255 3656 Brentesi
1278 3604 1324 3657 uel

99 3706 104 3717 =
206 3685 344 3742 Brundusi
368 3685 421 3742 Pb.
451 3687 607 3760 Wapaerus
624 3687 653 3741 ia
679 3685 761 3759 Verp.
787 3686 856 3741 Aea.
872 3685 923 3742 IX
935 3692 983 3744 151
1071 3687 1196 3757 sargust]
1218 3703 1320 3758 sargus

206 3771 297 3826 bonus
313 3777 355 3825 est
373 3771 443 3840 libri,
458 3772 514 3825 nisi
526 3769 653 3842 quaeest
668 3787 719 3826 om.
734 3769 807 3826 Pitb.
893 3775 911 3828 4
926 3785 968 3842 sp.
991 3769 1067 3824 hunc
1083 3785 1205 3840 magnus
1223 3771 1246 3825 si
1271 3773 1323 3828 erit
1388 3841 1389 3846 ἵ

208 3871 289 3911 sume
306 3857 461 3926 apriculum
477 3854 547 3909 libri.
562 3853 637 3911 hunc
659 3871 777 3927 magnus
794 3854 846 3908 erit
862 3853 885 3908 si
902 3853 997 3911 Sume.
1015 3855 1150 3924 apriclum
1169 3853 1321 3922 Barnabas,

208 3938 350 4013 Scaiiper,
370 3937 548 3996 Gasauboaas
633 3946 649 3998 5
671 3940 766 4010 pisces
783 3938 901 3994 Doruill.
987 3934 1068 4010 scito]
1089 3944 1166 3992 secto
1189 3939 1236 3993 uel
1255 3956 1322 3994 seco

207 4023 287 4082 Pitb.
373 4029 390 4084 6
415 4023 540 4081 Surrenti
562 4025 690 4095 aelopem
715 4025 759 4079 lac
780 4038 858 4078 ernas
877 4022 1013 4078 Glaucum
1031 4021 1108 4092 apud
1129 4020 1233 4076 Cumas
1256 4022 1323 4094 quid

208 4109 288 4164 Flor.
301 4121 326 4164 e.
343 4108 469 4167 Surrenti
484 4110 596 4180 telopen
612 4111 655 4163 lae
670 4124 748 4163 emas
764 4109 895 4180 glaucum
911 4106 987 4178 apud
1000 4105 1102 4162 Cumas
1118 4106 1186 4176 quid
1200 4107 1280 4162 Flor.
1295 4125 1321 4161 a.

209 4193 348 4249 surrentin
364 4195 465 4264 elepen
481 4194 524 4248 lac
540 4208 617 4247 emas
634 4191 710 4264 apud
726 4190 828 4248 Cumas
844 4191 912 4262 quid
926 4191 1001 4247 Ptin.
1025 4189 1199 4248 Surrentium
1220 4193 1322 4263 elepen

209 4277 340 4334 lucernas
360 4277 488 4332 claucum
505 4276 581 4347 apud
596 4275 698 4332 Cumas
721 4275 789 4348 quid
802 4275 922 4332 Durm'll.
941 4275 1066 4333 Surrenti
1088 4275 1226 4330 lacernas
1243 4277 1334 4347 glau-¹
