2796 4948
582 317 910 376 seleseiensis

783 483 799 520 k

294 655 303 674 .
356 655 365 672 .
418 656 428 672 .
480 603 595 674 decem
614 483 867 696 οοῠίἰνὶωψᾳυοίε
887 601 1053 675 montibus
1070 601 1216 670 summis

292 706 407 798 Ripeis
424 705 551 781 fodere.
789 727 797 732 ·

708 805 755 875 lx
770 803 786 840 t

226 933 268 994 45
294 921 397 994 Simia
418 943 516 1017 quam
536 921 653 994 similis
675 921 868 1014 turpissima
889 921 996 992 bestia
1018 921 1129 992 nobis!

760 1055 778 1094 ὴ

295 1169 466 1257 Quaerunt
484 1172 517 1241 in
537 1171 648 1266 scirpo
668 1058 757 1244 soliii
776 1171 866 1268 quod
886 1171 995 1242 dicere
1017 1172 1149 1241 nodum.

585 1353 907 1448 solonianum

746 1547 760 1615 l

297 1661 447 1754 Aspicite
467 1685 487 1733 o
506 1663 614 1749 ciues,
641 1663 733 1734 senis
753 1663 839 1734 Enni
859 1661 1013 1755 imaginis
1034 1664 1191 1732 formam!

347 1765 409 1835 llic
431 1769 578 1836 uestnrm
599 1767 715 1858 panxit
737 1765 880 1836 maxima
902 1768 990 1835 faeta
1011 1769 1150 1856 patrum.

297 1868 401 1940 Nemo
420 1891 473 1938 me
495 1868 648 1940 lacrumis
668 1870 803 1940 decoret
823 1889 885 1938 nec
904 1871 1021 1938 lunera
1037 1870 1115 1938 lletu

348 1971 453 2041 Faxit.
474 1972 556 2041 cur?
581 1972 686 2042 uolito
706 1972 806 2044 uiuus
825 1993 886 2063 per
908 1995 968 2042 ora
990 1972 1107 2041 uirum.

229 2171 290 2222 v111
308 2171 391 2222 Varro
405 2173 438 2222 de
449 2171 478 2222 L.
489 2173 519 2224 1..
533 2173 582 2223 Vll
591 2173 623 2224 'll
636 2172 671 2222 il.
692 2172 777 2238 ‘apud
790 2171 914 2223 Ennium:
932 2171 1033 2221 decem'
1053 2187 1077 2220 e.
1092 2185 1117 2234 q.
1131 2185 1153 2222 s.
1170 2167 1219 2218 ‘ab
1234 2167 1315 2218 oculo

196 2241 304 2290 cocles
323 2250 351 2290 ut
372 2241 441 2290 ocles
461 2241 559 2300 dictus,
583 2243 626 2305 qui
645 2257 724 2291 unum
739 2241 844 2292 haberet
859 2240 978 2292 oculum!
1015 2239 1121 2290 ‘Sermo
1141 2247 1179 2290 est
1197 2239 1230 2288 de
1251 2240 1315 2288 Ari-

195 2310 301 2428 llll.
312 2309 1244 2430 'illidi‘nlltllllltdtdld.‘'allldddltlt’
1264 2324 1314 2428 il·

683 2417 689 2428 .
749 2417 755 2429 .
817 2398 831 2430 θ
913 2416 919 2428 .
979 2417 985 2428 .
1223 2415 1229 2426 .
1301 2409 1315 2416 -

195 2394 380 2514 curis'asiiipai
393 2463 450 2498 cum
458 2395 512 2499 l'ila
523 2449 607 2514 Hugio
676 2449 714 2499 IX
732 2449 820 2500 Cicero
836 2450 868 2500 ‹le
879 2456 931 2498 nat.
947 2448 1018 2502 deor.
1033 2447 1138 2508 taust
1159 2449 1234 2512 ‘ipsa
1247 2463 1314 2497 uero

197 2531 273 2579 quam
295 2517 359 2568 nihil
380 2519 413 2568 ad
430 2533 484 2568 rem
501 2519 611 2583 pertinet
630 2534 695 2581 quae
714 2534 762 2570 uos
783 2519 892 2569 delectat
913 2519 1024 2568 maxime
1041 2517 1197 2568 similitudo!
1222 2515 1313 2575 Quid?
1396 2569 1397 2592 p

197 2587 268 2636 oanis
286 2601 369 2638 nonne
385 2587 479 2637 similis
499 2588 579 2653 lupo?
603 2595 678 2650 atque
696 2596 724 2638 ut
743 2590 854 2640 Ennius:
879 2589 966 2638 simia'
991 2603 1014 2636 e.
1035 2604 1060 2650 q.
1076 2603 1098 2637 s.
1126 2591 1168 2636 ‘at
1181 2601 1269 2637 mores
1284 2588 1313 2636 in

195 2663 303 2718 utroque
319 2657 455 2722 dispares'
481 2655 572 2721 (Deest
590 2657 633 2706 hic
646 2657 718 2707 locus
731 2659 851 2708 inPalat.
868 2667 893 2708 et
907 2655 1001 2721 vinc.)
1026 2656 1066 2707 Gi.
1087 2656 1198 2707 Serenus
1217 2656 1313 2706 Samo·

194 2725 460 2776 nundentonam
481 2726 641 2777 ‘siuehomo
658 2741 703 2778 seu
724 2728 850 2778 similis
869 2726 1067 2792 turpissima
1083 2726 1193 2776 bestia
1213 2727 1311 2775 nobis

196 2795 311 2845 Vulnera
330 2795 405 2845 dente
425 2793 509 2844 dedit’
534 2811 557 2844 e.
578 2812 603 2860 q.
624 2811 646 2845 s.
717 2796 743 2845 X
767 2798 857 2848 Festus
878 2812 905 2861 p.
921 2794 973 2848 330
989 2797 1023 2846 M.
1048 2795 1123 2846 ‘inde
1142 2795 1312 2861 prouerbium

197 2872 236 2913 est
249 2865 276 2913 iu
288 2879 331 2914 eas
345 2873 431 2914 natum
445 2879 499 2924 res,
520 2879 584 2926 quac
596 2865 691 2915 nullius
705 2867 873 2932 inpedimenti
888 2873 960 2926 sunt,
979 2866 1006 2914 in
1019 2866 1104 2931 scirpo
1118 2865 1215 2916 nodum
1230 2880 1311 2928 quae-

197 2948 261 2982 rere.
290 2933 399 2984 Ennius:
418 2935 553 2997 quaemmt'
573 2950 595 2984 e.
610 2951 635 2997 q.
650 2950 671 2984 s.

231 3003 448 3054 Epidaurum
482 3004 494 3052 l
513 3003 601 3054 Cicero
615 3004 690 3054 Tusc.
706 3003 774 3070 disp.
795 3004 863 3065 115,
876 3003 912 3056 34
932 3003 1009 3066 ‘quid
1021 3003 1132 3068 potitae?
1151 3017 1235 3052 nonne
1249 3011 1311 3068 post

146 3133 149 3139 Ι
197 3079 304 3123 mortem
326 3072 455 3122 nobilitari
476 3072 582 3123 uolunt?
599 3072 742 3138 undeergo
760 3073 843 3124 illudi
860 3071 949 3138 [1.2].
983 3072 1126 3124 Mercedem
1144 3072 1244 3138 gloriae
1262 3073 1311 3122 lla-

197 3140 261 3206 gitat
279 3142 311 3191 ab
331 3141 376 3202 iis,
396 3156 502 3204 quorum
520 3150 606 3207 patres
625 3143 744 3194 affecerat
760 3143 856 3208 gloria:
876 3143 1007 3205 idemque:
1027 3157 1102 3192 nemo
1118 3143 1173 3192 mc’
1193 3159 1216 3192 e.
1238 3158 1265 3205 q.
1286 3158 1308 3192 s.

197 3210 295 3260 Ibidem
314 3210 358 3271 49,
378 3210 427 3260 117
452 3211 536 3273 ‘quod
549 3213 572 3262 si
585 3211 642 3273 liat,
661 3212 752 3262 melior
764 3214 828 3262 Enni
842 3227 919 3276 quam
930 3211 1032 3262 Solonis
1051 3212 1140 3260 oratio.
1172 3212 1219 3260 llic
1239 3213 1308 3260 enim
1394 3251 1395 3254 ,

197 3286 296 3330 noster:
316 3294 405 3330 nemo
422 3295 468 3330 me
486 3281 633 3332 lacrimis
652 3282 803 3344 decoret,
823 3283 918 3346 inquit,
939 3281 1047 3336 ncc'...
1063 3281 1165 3330 laxit.
1195 3282 1230 3330 At
1245 3295 1309 3332 uero

198 3347 241 3398 illc
260 3349 377 3414 sapiens:
396 3364 464 3398 mors
481 3365 537 3400 mea
551 3366 583 3400 ne
595 3359 680 3400 careat
693 3351 821 3402 lacrimis:
840 3352 984 3415 linquamus
997 3351 1088 3399 amicis
1103 3350 1259 3410 Memorem,
1281 3360 1309 3398 ut

239 3529 275 3582 43
295 3539 365 3594 quas
379 3523 452 3578 libri.
467 3537 538 3592 ques
553 3522 679 3596 Sculiper
763 3527 879 3595 montibj
895 3523 981 3582 sumis
996 3523 1075 3578 Flor.
1160 3529 1198 3582 44
1219 3525 1308 3595 ripeis

197 3609 274 3664 Flor.
288 3607 385 3664 Houn.
398 3606 469 3662 Par.
485 3625 512 3662 α.
531 3608 637 3679 ripheis
655 3609 725 3668 Por.
740 3609 765 3666 b.
788 3609 894 3680 rhipeis
916 3607 994 3666 Goth.
1009 3606 1147 3678 Rhipaeis
1168 3608 1200 3662 0.
1217 3608 1307 3665 Mucl-

196 3693 273 3748 lerus
358 3690 455 3746 ludere
470 3691 541 3746 Par.
554 3709 583 3746 a.
598 3692 694 3748 ledere
709 3694 786 3752 Flor.
802 3693 871 3748 Por.
889 3692 914 3748 b.
932 3691 1046 3746 loedere
1064 3691 1142 3748 Goth.
1158 3691 1256 3748 Horon.

241 3797 256 3848 l
285 3791 357 3846 Enni
375 3789 519 3860 imaginis]
547 3789 586 3862 cf.
607 3791 803 3848 Lachmannus
828 3793 867 3847 od
885 3792 970 3848 lucr.
1000 3791 1043 3847 VI
1063 3794 1115 3850 tta
1208 3794 1309 3862 panxit

196 3877 287 3947 culpo.
300 3876 390 3946 pinxit
401 3873 470 3945 Req.
482 3873 554 3928 Pico.
637 3877 770 3932 lacrumis
781 3876 893 3933 Monac.
906 3893 922 3931 c
933 3876 990 3932 Cot.
1003 3879 1068 3932 mai.
1084 3877 1207 3930 lacrimis
1221 3879 1309 3932 ceteri
1392 3885 1393 3902 ¹

197 3961 260 4016 libri
343 3961 442 4014 lunera
456 3956 523 4012 lietu
536 3957 600 4013 libri
612 3975 713 4016 omnes.
734 3962 832 4016 lunera
854 3959 949 4015 lletum
965 3959 1090 4032 Scaliper
1104 3959 1237 4032 Calai-p.
1252 3965 1308 4019 283

198 4051 225 4100 et
236 4044 355 4100 dmum
368 4043 467 4116 Opusc.
483 4042 539 4098 da.
552 4042 621 4101 Par.
637 4049 705 4104 1605
717 4049 800 4118 p.89.
818 4045 915 4100 lunera
927 4046 1034 4099 lessum
1048 4045 1188 4099 Bentleius
1200 4045 1241 4099 od
1250 4044 1306 4100 Cic.
1390 4109 1392 4124 Ι

201 4128 282 4185 ttae.
306 4128 325 4184 Ι
339 4133 383 4196 ts,
409 4130 458 4186 117
544 4127 659 4182 decoret
756 4129 824 4184 laxit
844 4145 899 4184 om.
920 4127 990 4200 ch.
1011 4128 1082 4183 Pac.
1103 4127 1157 4184 Cic.
1183 4128 1266 4184 iisse.
1289 4128 1311 4183 I
1391 4147 1392 4176 1

199 4219 241 4280 15,
257 4217 292 4271 ss
375 4217 497 4284 equum
513 4213 599 4267 nomo
612 4213 761 4268 emam
776 4214 1101 4284 ‘massmanno'
1117 4212 1245 4285 marae
