<?xml version="1.0" encoding="UTF-8"?>
<!DOCTYPE html PUBLIC "-//W3C//DTD XHTML 1.0 Transitional//EN"
    "http://www.w3.org/TR/xhtml1/DTD/xhtml1-transitional.dtd">
<html xmlns="http://www.w3.org/1999/xhtml" xml:lang="en" lang="en">
 <head>
  <title>
</title>
<meta http-equiv="Content-Type" content="text/html;charset=utf-8" />
  <meta name='ocr-system' content='tesseract 3.04.00' />
  <meta name='ocr-capabilities' content='ocr_page ocr_carea ocr_par ocr_line ocrx_word'/>
</head>
<body>
  <div class='ocr_page' id='page_1' title='image "./ennianaepoesisr02ennigoog_0112.png"; bbox 0 0 2752 4944; ppageno 0'>
   <div class='ocr_carea' id='block_1_1' title="bbox 494 389 735 462">
    <p class='ocr_par' dir='ltr' id='par_1_1' title="bbox 494 389 735 462">
     <span class='ocr_line' id='line_1_1' title="bbox 494 389 735 462; baseline 0.004 -15"><span class='ocrx_word' id='word_1_1' title='bbox 494 389 735 462; x_wconf 80' lang='lat' dir='ltr'>nunrournu</span> 
     </span>
    </p>
   </div>
   <div class='ocr_carea' id='block_1_2' title="bbox 540 557 687 630">
    <p class='ocr_par' dir='ltr' id='par_1_2' title="bbox 540 557 687 630">
     <span class='ocr_line' id='line_1_2' title="bbox 540 557 687 630; baseline 0.007 -1"><span class='ocrx_word' id='word_1_2' title='bbox 540 557 687 630; x_wconf 86' lang='lat' dir='ltr'>XXXVI</span> 
     </span>
    </p>
   </div>
   <div class='ocr_carea' id='block_1_3' title="bbox 160 677 1170 876">
    <p class='ocr_par' dir='ltr' id='par_1_3' title="bbox 160 677 1170 876">
     <span class='ocr_line' id='line_1_3' title="bbox 161 677 1170 771; baseline 0 -23"><span class='ocrx_word' id='word_1_3' title='bbox 161 681 214 748; x_wconf 90' lang='lat' dir='ltr'>Te</span> <span class='ocrx_word' id='word_1_4' title='bbox 232 680 302 748; x_wconf 88' lang='lat' dir='ltr'>sale</span> <span class='ocrx_word' id='word_1_5' title='bbox 322 681 399 747; x_wconf 88' lang='lat' dir='ltr'>nata</span> <span class='ocrx_word' id='word_1_6' title='bbox 416 701 535 770; x_wconf 82' lang='lat' dir='ltr'>precor</span> <span class='ocrx_word' id='word_1_7' title='bbox 552 677 687 765; x_wconf 91' lang='lat' dir='ltr'>Venus,</span> <span class='ocrx_word' id='word_1_8' title='bbox 714 681 748 750; x_wconf 91' lang='lat' dir='ltr'>te</span> <span class='ocrx_word' id='word_1_9' title='bbox 766 679 918 771; x_wconf 74' lang='lat' dir='ltr'>genetrix</span> <span class='ocrx_word' id='word_1_10' title='bbox 936 679 1038 771; x_wconf 87' lang='lat' dir='ltr'>patris</span> <span class='ocrx_word' id='word_1_11' title='bbox 1055 679 1170 764; x_wconf 82' lang='lat' dir='ltr'>nostri,</span> 
     </span>
     <span class='ocr_line' id='line_1_4' title="bbox 160 781 945 876; baseline 0 -24"><span class='ocrx_word' id='word_1_12' title='bbox 160 783 212 852; x_wconf 88' lang='lat' dir='ltr'>Vt</span> <span class='ocrx_word' id='word_1_13' title='bbox 230 805 283 854; x_wconf 89' lang='lat' dir='ltr'>me</span> <span class='ocrx_word' id='word_1_14' title='bbox 303 781 344 850; x_wconf 93' lang='lat' dir='ltr'>de</span> <span class='ocrx_word' id='word_1_15' title='bbox 364 781 458 852; x_wconf 88' lang='lat' dir='ltr'>caelo</span> <span class='ocrx_word' id='word_1_16' title='bbox 481 781 571 854; x_wconf 88' lang='lat' dir='ltr'>uisas</span> <span class='ocrx_word' id='word_1_17' title='bbox 593 785 737 876; x_wconf 85' lang='lat' dir='ltr'>cognata</span> <span class='ocrx_word' id='word_1_18' title='bbox 758 805 945 874; x_wconf 86' lang='lat' dir='ltr'>parumper.</span> 
     </span>
    </p>
   </div>
   <div class='ocr_carea' id='block_1_4' title="bbox 89 919 1038 1117">
    <p class='ocr_par' dir='ltr' id='par_1_4' title="bbox 89 919 1038 1117">
     <span class='ocr_line' id='line_1_5' title="bbox 89 919 1038 1117; baseline -0.002 -25"><span class='ocrx_word' id='word_1_19' title='bbox 89 1033 130 1094; x_wconf 87' lang='lat'>55</span> <span class='ocrx_word' id='word_1_20' title='bbox 160 1024 279 1117; x_wconf 85' lang='lat' dir='ltr'>Teque</span> <span class='ocrx_word' id='word_1_21' title='bbox 299 1028 395 1117; x_wconf 89' lang='lat' dir='ltr'>pater</span> <span class='ocrx_word' id='word_1_22' title='bbox 414 919 740 1094; x_wconf 48' lang='lat' dir='ltr'>Tiberinbbddldbm</span> <span class='ocrx_word' id='word_1_23' title='bbox 760 1021 894 1092; x_wconf 89' lang='lat' dir='ltr'>llumine</span> <span class='ocrx_word' id='word_1_24' title='bbox 913 1025 1038 1091; x_wconf 87' lang='lat' dir='ltr'>sancto.</span> 
     </span>
    </p>
   </div>
   <div class='ocr_carea' id='block_1_5' title="bbox 161 1157 1171 1354">
    <p class='ocr_par' dir='ltr' id='par_1_5' title="bbox 161 1157 1171 1354">
     <span class='ocr_line' id='line_1_6' title="bbox 410 1157 717 1231; baseline -0.003 -1"><span class='ocrx_word' id='word_1_25' title='bbox 410 1191 414 1198; x_wconf 92' lang='lat'>·</span> <span class='ocrx_word' id='word_1_26' title='bbox 514 1157 717 1231; x_wconf 80' lang='lat' dir='ltr'>XXXVIII*</span> 
     </span>
     <span class='ocr_line' id='line_1_7' title="bbox 161 1259 1171 1354; baseline -0.002 -25"><span class='ocrx_word' id='word_1_27' title='bbox 161 1260 354 1354; x_wconf 85' lang='lat' dir='ltr'>Porphyrio</span> <span class='ocrx_word' id='word_1_28' title='bbox 376 1263 409 1333; x_wconf 93' lang='lat' dir='ltr'>in</span> <span class='ocrx_word' id='word_1_29' title='bbox 428 1265 509 1335; x_wconf 94' lang='lat' dir='ltr'>Hor.</span> <span class='ocrx_word' id='word_1_30' title='bbox 533 1263 639 1334; x_wconf 82' lang='lat' dir='ltr'>Carnu.</span> <span class='ocrx_word' id='word_1_31' title='bbox 661 1264 674 1334; x_wconf 94' lang='lat' dir='ltr'>l</span> <span class='ocrx_word' id='word_1_32' title='bbox 695 1271 781 1348; x_wconf 64' lang='lat'>218</span> <span class='ocrx_word' id='word_1_33' title='bbox 810 1259 885 1330; x_wconf 90' lang='lat' dir='ltr'>‘Ilia</span> <span class='ocrx_word' id='word_1_34' title='bbox 906 1261 1042 1330; x_wconf 88' lang='lat' dir='ltr'>auctore</span> <span class='ocrx_word' id='word_1_35' title='bbox 1065 1259 1171 1328; x_wconf 87' lang='lat' dir='ltr'>Ennio</span> 
     </span>
    </p>
   </div>
   <div class='ocr_carea' id='block_1_6' title="bbox 54 1361 1171 1538">
    <p class='ocr_par' dir='ltr' id='par_1_6' title="bbox 54 1361 1171 1538">
     <span class='ocr_line' id='line_1_8' title="bbox 54 1361 1171 1536; baseline 0 -106"><span class='ocrx_word' id='word_1_36' title='bbox 54 1364 239 1536; x_wconf 57' lang='lat' dir='ltr'>qntqmnqm</span> <span class='ocrx_word' id='word_1_37' title='bbox 255 1365 395 1437; x_wconf 87' lang='lat' dir='ltr'>Tiberim</span> <span class='ocrx_word' id='word_1_38' title='bbox 417 1368 512 1438; x_wconf 90' lang='lat' dir='ltr'>iussu</span> <span class='ocrx_word' id='word_1_39' title='bbox 531 1366 654 1438; x_wconf 86' lang='lat' dir='ltr'>Amulii</span> <span class='ocrx_word' id='word_1_40' title='bbox 672 1366 764 1459; x_wconf 84' lang='lat' dir='ltr'>regis</span> <span class='ocrx_word' id='word_1_41' title='bbox 783 1363 988 1434; x_wconf 85' lang='lat' dir='ltr'>Albanorum</span> <span class='ocrx_word' id='word_1_42' title='bbox 1005 1361 1171 1454; x_wconf 85' lang='lat' dir='ltr'>praecipi-</span> 
     </span>
     <span class='ocr_line' id='line_1_9' title="bbox 70 1467 221 1538; baseline 0.013 -2"><span class='ocrx_word' id='word_1_43' title='bbox 70 1489 89 1536; x_wconf 89' lang='lat' dir='ltr'>a</span> <span class='ocrx_word' id='word_1_44' title='bbox 145 1490 185 1538; x_wconf 90' lang='lat' dir='ltr'>es</span> <span class='ocrx_word' id='word_1_45' title='bbox 203 1467 221 1536; x_wconf 90' lang='lat'>.’</span> 
     </span>
    </p>
   </div>
   <div class='ocr_carea' id='block_1_7' title="bbox 162 1569 900 1788">
    <p class='ocr_par' dir='ltr' id='par_1_7' title="bbox 162 1569 900 1788">
     <span class='ocr_line' id='line_1_10' title="bbox 530 1569 703 1643; baseline -0.017 0"><span class='ocrx_word' id='word_1_46' title='bbox 530 1572 673 1643; x_wconf 93' lang='lat' dir='ltr'>XXXIX</span> <span class='ocrx_word' id='word_1_47' title='bbox 687 1569 703 1606; x_wconf 84' lang='lat'>*</span> 
     </span>
     <span class='ocr_line' id='line_1_11' title="bbox 162 1689 900 1788; baseline -0.003 -28"><span class='ocrx_word' id='word_1_48' title='bbox 162 1691 223 1760; x_wconf 87' lang='lat' dir='ltr'>Ilia</span> <span class='ocrx_word' id='word_1_49' title='bbox 246 1691 301 1760; x_wconf 89' lang='lat' dir='ltr'>dia</span> <span class='ocrx_word' id='word_1_50' title='bbox 323 1713 429 1784; x_wconf 89' lang='lat' dir='ltr'>nepos</span> <span class='ocrx_word' id='word_1_51' title='bbox 452 1716 535 1788; x_wconf 90' lang='lat' dir='ltr'>quas</span> <span class='ocrx_word' id='word_1_52' title='bbox 555 1714 731 1765; x_wconf 83' lang='lat' dir='ltr'>aerumnas</span> <span class='ocrx_word' id='word_1_53' title='bbox 755 1689 900 1760; x_wconf 90' lang='lat' dir='ltr'>tetulisti.</span> 
     </span>
    </p>
   </div>
   <div class='ocr_carea' id='block_1_8' title="bbox 159 1828 931 2103">
    <p class='ocr_par' dir='ltr' id='par_1_8' title="bbox 159 1828 931 2103">
     <span class='ocr_line' id='line_1_12' title="bbox 576 1828 665 1899; baseline 0 0"><span class='ocrx_word' id='word_1_54' title='bbox 576 1829 635 1899; x_wconf 93' lang='lat' dir='ltr'>XL</span> <span class='ocrx_word' id='word_1_55' title='bbox 649 1828 665 1865; x_wconf 83' lang='lat'>*</span> 
     </span>
     <span class='ocr_line' id='line_1_13' title="bbox 159 1928 931 2025; baseline -0.003 -27"><span class='ocrx_word' id='word_1_56' title='bbox 159 1983 484 2004; x_wconf 92' lang='grc'><strong>......</strong></span> <span class='ocrx_word' id='word_1_57' title='bbox 537 1937 647 2004; x_wconf 88' lang='lat' dir='ltr'>cetera</span> <span class='ocrx_word' id='word_1_58' title='bbox 668 1954 753 2025; x_wconf 89' lang='lat' dir='ltr'>quos</span> <span class='ocrx_word' id='word_1_59' title='bbox 776 1928 931 2022; x_wconf 84' lang='lat' dir='ltr'>peperisti</span> 
     </span>
     <span class='ocr_line' id='line_1_14' title="bbox 159 2035 330 2103; baseline 0.006 -1"><span class='ocrx_word' id='word_1_60' title='bbox 159 2035 211 2102; x_wconf 91' lang='lat' dir='ltr'>Ne</span> <span class='ocrx_word' id='word_1_61' title='bbox 233 2054 330 2103; x_wconf 90' lang='lat' dir='ltr'>eures</span> 
     </span>
    </p>
   </div>
   <div class='ocr_carea' id='block_1_9' title="bbox 160 2137 997 2347">
    <p class='ocr_par' dir='ltr' id='par_1_9' title="bbox 160 2137 997 2347">
     <span class='ocr_line' id='line_1_15' title="bbox 561 2137 997 2254; baseline 0 -46"><span class='ocrx_word' id='word_1_62' title='bbox 561 2137 665 2208; x_wconf 89' lang='lat' dir='ltr'>XLI*</span> <span class='ocrx_word' id='word_1_63' title='bbox 986 2233 997 2254; x_wconf 47' lang='lat'><strong>·</strong></span> 
     </span>
     <span class='ocr_line' id='line_1_16' title="bbox 160 2257 956 2347; baseline -0.005 -23"><span class='ocrx_word' id='word_1_64' title='bbox 160 2308 169 2324; x_wconf 91' lang='lat'><strong><em>.</em></strong></span> <span class='ocrx_word' id='word_1_65' title='bbox 227 2308 484 2327; x_wconf 91' lang='grc'><strong>.....</strong></span> <span class='ocrx_word' id='word_1_66' title='bbox 537 2261 573 2327; x_wconf 92' lang='lat' dir='ltr'>ut</span> <span class='ocrx_word' id='word_1_67' title='bbox 596 2258 654 2328; x_wconf 91' lang='lat' dir='ltr'>IIia</span> <span class='ocrx_word' id='word_1_68' title='bbox 674 2257 800 2327; x_wconf 84' lang='lat' dir='ltr'>reddila</span> <span class='ocrx_word' id='word_1_69' title='bbox 820 2260 956 2347; x_wconf 89' lang='lat' dir='ltr'>nuptum</span> 
     </span>
    </p>
   </div>
   <div class='ocr_carea' id='block_1_10' title="bbox 571 2395 659 2465">
    <p class='ocr_par' dir='ltr' id='par_1_10' title="bbox 571 2395 659 2465">
     <span class='ocr_line' id='line_1_17' title="bbox 571 2395 659 2465; baseline 0 -1"><span class='ocrx_word' id='word_1_70' title='bbox 571 2395 659 2465; x_wconf 93' lang='lat' dir='ltr'>XLII</span> 
     </span>
    </p>
   </div>
   <div class='ocr_carea' id='block_1_11' title="bbox 91 2477 956 2568">
    <p class='ocr_par' dir='ltr' id='par_1_11' title="bbox 91 2477 956 2568">
     <span class='ocr_line' id='line_1_18' title="bbox 91 2477 956 2568; baseline 0.001 -5"><span class='ocrx_word' id='word_1_71' title='bbox 91 2503 131 2563; x_wconf 86' lang='lat'>60</span> <span class='ocrx_word' id='word_1_72' title='bbox 148 2477 255 2562; x_wconf 64' lang='lat' dir='ltr'>&#39;Haec</span> <span class='ocrx_word' id='word_1_73' title='bbox 273 2495 416 2566; x_wconf 81' lang='lat' dir='ltr'>ecfatus:</span> <span class='ocrx_word' id='word_1_74' title='bbox 444 2496 486 2566; x_wconf 90' lang='lat' dir='ltr'>ibi</span> <span class='ocrx_word' id='word_1_75' title='bbox 505 2498 651 2568; x_wconf 91' lang='lat' dir='ltr'>tatrones</span> <span class='ocrx_word' id='word_1_76' title='bbox 672 2498 758 2566; x_wconf 87' lang='lat' dir='ltr'>dicta</span> <span class='ocrx_word' id='word_1_77' title='bbox 779 2497 956 2566; x_wconf 86' lang='lat' dir='ltr'>lacessunt.</span> 
     </span>
    </p>
   </div>
   <div class='ocr_carea' id='block_1_12' title="bbox 60 2693 1172 2830">
    <p class='ocr_par' dir='ltr' id='par_1_12' title="bbox 60 2693 1172 2830">
     <span class='ocr_line' id='line_1_19' title="bbox 60 2693 1171 2763; baseline 0.004 -21"><span class='ocrx_word' id='word_1_78' title='bbox 60 2695 167 2746; x_wconf 87' lang='lat' dir='ltr'>Ennium</span> <span class='ocrx_word' id='word_1_79' title='bbox 181 2695 295 2744; x_wconf 85' lang='lat' dir='ltr'>Vestalis</span> <span class='ocrx_word' id='word_1_80' title='bbox 309 2697 367 2746; x_wconf 90' lang='lat' dir='ltr'>illa:</span> <span class='ocrx_word' id='word_1_81' title='bbox 392 2701 487 2749; x_wconf 85' lang='lat' dir='ltr'>excita&#39;</span> <span class='ocrx_word' id='word_1_82' title='bbox 513 2718 536 2750; x_wconf 87' lang='lat' dir='ltr'>e.</span> <span class='ocrx_word' id='word_1_83' title='bbox 553 2716 577 2763; x_wconf 92' lang='lat' dir='ltr'>q.</span> <span class='ocrx_word' id='word_1_84' title='bbox 593 2717 615 2750; x_wconf 86' lang='lat' dir='ltr'>s.</span> <span class='ocrx_word' id='word_1_85' title='bbox 687 2699 799 2750; x_wconf 89' lang='lat' dir='ltr'>XXXVI</span> <span class='ocrx_word' id='word_1_86' title='bbox 818 2697 915 2746; x_wconf 88' lang='lat' dir='ltr'>Nonius</span> <span class='ocrx_word' id='word_1_87' title='bbox 931 2713 956 2762; x_wconf 91' lang='lat' dir='ltr'>p.</span> <span class='ocrx_word' id='word_1_88' title='bbox 970 2693 1031 2748; x_wconf 79' lang='lat'>³78.</span> <span class='ocrx_word' id='word_1_89' title='bbox 1046 2693 1078 2744; x_wconf 86' lang='lat'>16</span> <span class='ocrx_word' id='word_1_90' title='bbox 1098 2699 1171 2758; x_wconf 80' lang='lat' dir='ltr'>‘pa-</span> 
     </span>
     <span class='ocr_line' id='line_1_20' title="bbox 60 2765 1172 2830; baseline 0.013 -20"><span class='ocrx_word' id='word_1_91' title='bbox 60 2779 188 2830; x_wconf 86' lang='lat' dir='ltr'>rumper</span> <span class='ocrx_word' id='word_1_92' title='bbox 204 2766 253 2816; x_wconf 87' lang='lat' dir='ltr'>cito</span> <span class='ocrx_word' id='word_1_93' title='bbox 268 2772 294 2814; x_wconf 89' lang='lat' dir='ltr'>et</span> <span class='ocrx_word' id='word_1_94' title='bbox 306 2767 436 2818; x_wconf 87' lang='lat' dir='ltr'>uelociter.</span> <span class='ocrx_word' id='word_1_95' title='bbox 469 2768 808 2820; x_wconf 87' lang='lat' dir='ltr'>Enniusannalllib.t...&#39;</span> <span class='ocrx_word' id='word_1_96' title='bbox 880 2765 1004 2815; x_wconf 74' lang='grc' dir='ltr'><strong>ΧΧΧἯῘ</strong></span> <span class='ocrx_word' id='word_1_97' title='bbox 1028 2765 1172 2814; x_wconf 62' lang='lat' dir='ltr'>Miltfflbius</span> 
     </span>
    </p>
   </div>
   <div class='ocr_carea' id='block_1_13' title="bbox 60 2833 1172 3666">
    <p class='ocr_par' dir='ltr' id='par_1_13' title="bbox 60 2833 1172 3666">
     <span class='ocr_line' id='line_1_21' title="bbox 60 2833 1170 2904; baseline 0 -22"><span class='ocrx_word' id='word_1_98' title='bbox 60 2833 110 2883; x_wconf 86' lang='lat' dir='ltr'>Sat.</span> <span class='ocrx_word' id='word_1_99' title='bbox 132 2835 168 2884; x_wconf 96' lang='lat' dir='ltr'>VI</span> <span class='ocrx_word' id='word_1_100' title='bbox 190 2834 204 2884; x_wconf 95' lang='lat' dir='ltr'>l</span> <span class='ocrx_word' id='word_1_101' title='bbox 232 2850 258 2900; x_wconf 92' lang='lat' dir='ltr'>p.</span> <span class='ocrx_word' id='word_1_102' title='bbox 274 2834 326 2886; x_wconf 80' lang='lat'>499</span> <span class='ocrx_word' id='word_1_103' title='bbox 343 2838 400 2887; x_wconf 88' lang='lat' dir='ltr'>Jan.</span> <span class='ocrx_word' id='word_1_104' title='bbox 430 2842 523 2902; x_wconf 84' lang='lat' dir='ltr'>‘tuque</span> <span class='ocrx_word' id='word_1_105' title='bbox 542 2855 557 2890; x_wconf 92' lang='lat' dir='ltr'>o</span> <span class='ocrx_word' id='word_1_106' title='bbox 574 2839 672 2904; x_wconf 81' lang='lat' dir='ltr'>Thybri</span> <span class='ocrx_word' id='word_1_107' title='bbox 694 2847 737 2889; x_wconf 90' lang='lat' dir='ltr'>tuo</span> <span class='ocrx_word' id='word_1_108' title='bbox 757 2838 857 2904; x_wconf 83' lang='lat' dir='ltr'>genitor</span> <span class='ocrx_word' id='word_1_109' title='bbox 874 2852 930 2885; x_wconf 89' lang='lat' dir='ltr'>curn</span> <span class='ocrx_word' id='word_1_110' title='bbox 950 2834 1053 2884; x_wconf 89' lang='lat' dir='ltr'>tlumiue</span> <span class='ocrx_word' id='word_1_111' title='bbox 1074 2842 1170 2884; x_wconf 83' lang='lat' dir='ltr'>sancto.</span> 
     </span>
     <span class='ocr_line' id='line_1_22' title="bbox 61 2901 1170 2976; baseline 0.001 -25"><span class='ocrx_word' id='word_1_112' title='bbox 61 2901 134 2966; x_wconf 77' lang='lat' dir='ltr'>[Aen.</span> <span class='ocrx_word' id='word_1_113' title='bbox 154 2905 219 2953; x_wconf 91' lang='lat' dir='ltr'>VIII</span> <span class='ocrx_word' id='word_1_114' title='bbox 238 2903 282 2969; x_wconf 81' lang='lat'>72]</span> <span class='ocrx_word' id='word_1_115' title='bbox 311 2907 406 2956; x_wconf 81' lang='lat' dir='ltr'>Ennius</span> <span class='ocrx_word' id='word_1_116' title='bbox 431 2909 457 2956; x_wconf 89' lang='lat' dir='ltr'>iu</span> <span class='ocrx_word' id='word_1_117' title='bbox 482 2911 565 2976; x_wconf 90' lang='lat' dir='ltr'>primo</span> <span class='ocrx_word' id='word_1_118' title='bbox 585 2947 590 2958; x_wconf 89' lang='lat'>.</span> <span class='ocrx_word' id='word_1_119' title='bbox 608 2947 614 2958; x_wconf 95' lang='lat'><em>.</em></span> <span class='ocrx_word' id='word_1_120' title='bbox 632 2910 647 2957; x_wconf 90' lang='grc'>,’</span> <span class='ocrx_word' id='word_1_121' title='bbox 718 2907 832 2958; x_wconf 87' lang='lat' dir='ltr'>XXXIX</span> <span class='ocrx_word' id='word_1_122' title='bbox 855 2907 986 2956; x_wconf 81' lang='lat' dir='ltr'>Charisius</span> <span class='ocrx_word' id='word_1_123' title='bbox 1008 2905 1016 2952; x_wconf 96' lang='lat' dir='ltr'>l</span> <span class='ocrx_word' id='word_1_124' title='bbox 1042 2920 1069 2970; x_wconf 89' lang='lat' dir='ltr'>p.</span> <span class='ocrx_word' id='word_1_125' title='bbox 1088 2905 1122 2954; x_wconf 83' lang='lat'>70</span> <span class='ocrx_word' id='word_1_126' title='bbox 1142 2903 1170 2952; x_wconf 90' lang='lat' dir='ltr'>P.</span> 
     </span>
     <span class='ocr_line' id='line_1_23' title="bbox 60 2970 1171 3042; baseline 0.001 -21"><span class='ocrx_word' id='word_1_127' title='bbox 60 2972 106 3036; x_wconf 80' lang='lat'>(50</span> <span class='ocrx_word' id='word_1_128' title='bbox 124 2970 220 3034; x_wconf 88' lang='lat' dir='ltr'>Lind.)</span> <span class='ocrx_word' id='word_1_129' title='bbox 243 2977 369 3040; x_wconf 87' lang='lat' dir='ltr'>‘neptis</span> <span class='ocrx_word' id='word_1_130' title='bbox 389 2980 548 3042; x_wconf 78' lang='lat' dir='ltr'>grammatici</span> <span class='ocrx_word' id='word_1_131' title='bbox 569 2978 656 3029; x_wconf 89' lang='lat' dir='ltr'>nolunt</span> <span class='ocrx_word' id='word_1_132' title='bbox 676 2979 728 3029; x_wconf 86' lang='lat' dir='ltr'>dtei</span> <span class='ocrx_word' id='word_1_133' title='bbox 753 3015 760 3028; x_wconf 86' lang='lat'><strong>.</strong></span> <span class='ocrx_word' id='word_1_134' title='bbox 781 3013 786 3026; x_wconf 92' lang='lat'><strong><em>.</em></strong></span> <span class='ocrx_word' id='word_1_135' title='bbox 806 3013 812 3025; x_wconf 88' lang='lat'>.</span> <span class='ocrx_word' id='word_1_136' title='bbox 835 3013 841 3024; x_wconf 91' lang='lat'>.</span> <span class='ocrx_word' id='word_1_137' title='bbox 866 2984 891 3025; x_wconf 89' lang='lat' dir='ltr'>et</span> <span class='ocrx_word' id='word_1_138' title='bbox 908 2975 1034 3025; x_wconf 83' lang='lat' dir='ltr'>aduncant</span> <span class='ocrx_word' id='word_1_139' title='bbox 1053 2975 1171 3032; x_wconf 79' lang='lat' dir='ltr'>Ennium,</span> 
     </span>
     <span class='ocr_line' id='line_1_24' title="bbox 62 3042 1172 3114; baseline 0.003 -25"><span class='ocrx_word' id='word_1_140' title='bbox 62 3042 126 3103; x_wconf 84' lang='lat' dir='ltr'>qnod</span> <span class='ocrx_word' id='word_1_141' title='bbox 140 3043 238 3092; x_wconf 83' lang='lat' dir='ltr'>dixerit</span> <span class='ocrx_word' id='word_1_142' title='bbox 251 3044 299 3093; x_wconf 84' lang='lat' dir='ltr'>ita:</span> <span class='ocrx_word' id='word_1_143' title='bbox 317 3045 375 3095; x_wconf 89' lang='lat' dir='ltr'>Ilia’</span> <span class='ocrx_word' id='word_1_144' title='bbox 392 3063 414 3096; x_wconf 90' lang='lat' dir='ltr'>e.</span> <span class='ocrx_word' id='word_1_145' title='bbox 423 3063 447 3110; x_wconf 92' lang='lat' dir='ltr'>q.</span> <span class='ocrx_word' id='word_1_146' title='bbox 456 3063 478 3096; x_wconf 86' lang='lat' dir='ltr'>s.</span> <span class='ocrx_word' id='word_1_147' title='bbox 500 3049 596 3099; x_wconf 89' lang='lat' dir='ltr'>Nouius</span> <span class='ocrx_word' id='word_1_148' title='bbox 612 3047 861 3114; x_wconf 79' lang='lat' dir='ltr'>p.215,8‘nepos</span> <span class='ocrx_word' id='word_1_149' title='bbox 876 3046 927 3096; x_wconf 88' lang='lat' dir='ltr'>dici</span> <span class='ocrx_word' id='word_1_150' title='bbox 943 3053 966 3095; x_wconf 90' lang='lat' dir='ltr'>et</span> <span class='ocrx_word' id='word_1_151' title='bbox 982 3043 1076 3094; x_wconf 81' lang='lat' dir='ltr'>femina</span> <span class='ocrx_word' id='word_1_152' title='bbox 1089 3051 1172 3109; x_wconf 89' lang='lat' dir='ltr'>potest</span> 
     </span>
     <span class='ocr_line' id='line_1_25' title="bbox 62 3112 1169 3183; baseline 0.002 -23"><span class='ocrx_word' id='word_1_153' title='bbox 62 3112 138 3160; x_wconf 86' lang='lat' dir='ltr'>Ennio</span> <span class='ocrx_word' id='word_1_154' title='bbox 159 3119 278 3173; x_wconf 83' lang='lat' dir='ltr'>auctore,</span> <span class='ocrx_word' id='word_1_155' title='bbox 302 3129 447 3177; x_wconf 79' lang='lat' dir='ltr'>quaetione</span> <span class='ocrx_word' id='word_1_156' title='bbox 469 3120 553 3183; x_wconf 88' lang='lat' dir='ltr'>neptis</span> <span class='ocrx_word' id='word_1_157' title='bbox 571 3119 676 3168; x_wconf 89' lang='lat' dir='ltr'>dicitur:</span> <span class='ocrx_word' id='word_1_158' title='bbox 696 3117 754 3167; x_wconf 88' lang='lat' dir='ltr'>llia¹</span> <span class='ocrx_word' id='word_1_159' title='bbox 779 3133 801 3166; x_wconf 85' lang='lat' dir='ltr'>e.</span> <span class='ocrx_word' id='word_1_160' title='bbox 818 3131 843 3178; x_wconf 87' lang='lat' dir='ltr'>q.</span> <span class='ocrx_word' id='word_1_161' title='bbox 858 3131 880 3164; x_wconf 88' lang='lat' dir='ltr'>s.</span> <span class='ocrx_word' id='word_1_162' title='bbox 922 3115 1011 3164; x_wconf 87' lang='lat' dir='ltr'>Festus</span> <span class='ocrx_word' id='word_1_163' title='bbox 1025 3129 1051 3178; x_wconf 89' lang='lat' dir='ltr'>p.</span> <span class='ocrx_word' id='word_1_164' title='bbox 1068 3113 1119 3164; x_wconf 78' lang='lat'>286</span> <span class='ocrx_word' id='word_1_165' title='bbox 1136 3115 1169 3162; x_wconf 85' lang='grc' dir='ltr'>Μ.</span> 
     </span>
     <span class='ocr_line' id='line_1_26' title="bbox 63 3181 1172 3250; baseline 0.005 -23"><span class='ocrx_word' id='word_1_166' title='bbox 63 3185 143 3231; x_wconf 89' lang='lat' dir='ltr'>‘recto</span> <span class='ocrx_word' id='word_1_167' title='bbox 157 3181 243 3232; x_wconf 81' lang='lat' dir='ltr'>fronte</span> <span class='ocrx_word' id='word_1_168' title='bbox 263 3219 363 3233; x_wconf 89' lang='grc'><strong>.....</strong></span> <span class='ocrx_word' id='word_1_169' title='bbox 384 3187 503 3250; x_wconf 79' lang='lat' dir='ltr'>antiquae</span> <span class='ocrx_word' id='word_1_170' title='bbox 517 3183 748 3238; x_wconf 82' lang='lat' dir='ltr'>Id&#39;cousnetudInis</span> <span class='ocrx_word' id='word_1_171' title='bbox 761 3186 819 3244; x_wconf 82' lang='lat' dir='ltr'>tuit,</span> <span class='ocrx_word' id='word_1_172' title='bbox 837 3193 865 3234; x_wconf 92' lang='lat' dir='ltr'>ut</span> <span class='ocrx_word' id='word_1_173' title='bbox 878 3200 935 3233; x_wconf 89' lang='lat' dir='ltr'>curn</span> <span class='ocrx_word' id='word_1_174' title='bbox 950 3186 985 3234; x_wconf 87' lang='lat' dir='ltr'>ait</span> <span class='ocrx_word' id='word_1_175' title='bbox 999 3185 1094 3234; x_wconf 82' lang='lat' dir='ltr'>Ennius</span> <span class='ocrx_word' id='word_1_176' title='bbox 1110 3199 1172 3247; x_wconf 87' lang='lat' dir='ltr'>quo-</span> 
     </span>
     <span class='ocr_line' id='line_1_27' title="bbox 63 3253 1172 3323; baseline 0.005 -26"><span class='ocrx_word' id='word_1_177' title='bbox 63 3265 121 3311; x_wconf 88' lang='lat' dir='ltr'>que:</span> <span class='ocrx_word' id='word_1_178' title='bbox 142 3253 250 3316; x_wconf 87' lang='lat' dir='ltr'>astirpe</span> <span class='ocrx_word' id='word_1_179' title='bbox 261 3267 390 3319; x_wconf 84' lang='lat' dir='ltr'>supremo,</span> <span class='ocrx_word' id='word_1_180' title='bbox 410 3263 433 3304; x_wconf 89' lang='lat' dir='ltr'>et</span> <span class='ocrx_word' id='word_1_181' title='bbox 448 3257 509 3306; x_wconf 85' lang='lat' dir='ltr'>Illa</span> <span class='ocrx_word' id='word_1_182' title='bbox 523 3259 577 3308; x_wconf 90' lang='lat' dir='ltr'>dia</span> <span class='ocrx_word' id='word_1_183' title='bbox 590 3258 709 3323; x_wconf 63' lang='lat' dir='ltr'>nepos!</span> <span class='ocrx_word' id='word_1_184' title='bbox 780 3255 826 3304; x_wconf 89' lang='lat' dir='ltr'>XL</span> <span class='ocrx_word' id='word_1_185' title='bbox 844 3254 949 3304; x_wconf 88' lang='lat' dir='ltr'>Seruius</span> <span class='ocrx_word' id='word_1_186' title='bbox 960 3255 986 3302; x_wconf 90' lang='lat' dir='ltr'>in</span> <span class='ocrx_word' id='word_1_187' title='bbox 997 3255 1060 3303; x_wconf 80' lang='lat' dir='ltr'>Aen.</span> <span class='ocrx_word' id='word_1_188' title='bbox 1075 3255 1110 3304; x_wconf 93' lang='lat' dir='ltr'>IX</span> <span class='ocrx_word' id='word_1_189' title='bbox 1121 3254 1172 3302; x_wconf 78' lang='lat' dir='ltr'>ooo</span> 
     </span>
     <span class='ocr_line' id='line_1_28' title="bbox 64 3320 1170 3390; baseline 0.003 -23"><span class='ocrx_word' id='word_1_190' title='bbox 64 3323 184 3370; x_wconf 86' lang='lat' dir='ltr'>‘catera</span> <span class='ocrx_word' id='word_1_191' title='bbox 199 3321 333 3390; x_wconf 81' lang='lat' dir='ltr'>deinceps:</span> <span class='ocrx_word' id='word_1_192' title='bbox 351 3331 375 3374; x_wconf 92' lang='lat' dir='ltr'>et</span> <span class='ocrx_word' id='word_1_193' title='bbox 388 3333 426 3374; x_wconf 86' lang='lat' dir='ltr'>est</span> <span class='ocrx_word' id='word_1_194' title='bbox 440 3326 590 3378; x_wconf 88' lang='lat' dir='ltr'>aduerbium</span> <span class='ocrx_word' id='word_1_195' title='bbox 605 3320 622 3377; x_wconf 86' lang='lat' dir='ltr'>l.</span> <span class='ocrx_word' id='word_1_196' title='bbox 638 3344 660 3377; x_wconf 91' lang='lat' dir='ltr'>e.</span> <span class='ocrx_word' id='word_1_197' title='bbox 678 3329 704 3376; x_wconf 91' lang='lat' dir='ltr'>in</span> <span class='ocrx_word' id='word_1_198' title='bbox 720 3333 844 3383; x_wconf 78' lang='lat' dir='ltr'>aeterum:</span> <span class='ocrx_word' id='word_1_199' title='bbox 863 3333 900 3376; x_wconf 88' lang='lat' dir='ltr'>est</span> <span class='ocrx_word' id='word_1_200' title='bbox 916 3331 999 3373; x_wconf 91' lang='lat' dir='ltr'>autem</span> <span class='ocrx_word' id='word_1_201' title='bbox 1013 3324 1170 3373; x_wconf 82' lang='lat' dir='ltr'>Ennianum:</span> 
     </span>
     <span class='ocr_line' id='line_1_29' title="bbox 63 3392 1170 3460; baseline 0.004 -24"><span class='ocrx_word' id='word_1_202' title='bbox 63 3392 155 3439; x_wconf 84' lang='lat' dir='ltr'>cetera’</span> <span class='ocrx_word' id='word_1_203' title='bbox 176 3406 201 3440; x_wconf 86' lang='lat' dir='ltr'>e.</span> <span class='ocrx_word' id='word_1_204' title='bbox 215 3407 240 3452; x_wconf 90' lang='lat' dir='ltr'>q.</span> <span class='ocrx_word' id='word_1_205' title='bbox 257 3408 278 3440; x_wconf 88' lang='lat' dir='ltr'>s.</span> <span class='ocrx_word' id='word_1_206' title='bbox 315 3393 378 3444; x_wconf 85' lang='lat' dir='ltr'>Cum</span> <span class='ocrx_word' id='word_1_207' title='bbox 399 3397 531 3460; x_wconf 75' lang='lat' dir='ltr'>superlore</span> <span class='ocrx_word' id='word_1_208' title='bbox 551 3397 682 3447; x_wconf 84' lang='lat' dir='ltr'>coniunxit</span> <span class='ocrx_word' id='word_1_209' title='bbox 697 3395 809 3454; x_wconf 84' lang='lat' dir='ltr'>Merula,</span> <span class='ocrx_word' id='word_1_210' title='bbox 833 3394 876 3456; x_wconf 89' lang='lat' dir='ltr'>qui</span> <span class='ocrx_word' id='word_1_211' title='bbox 896 3402 980 3442; x_wconf 89' lang='lat' dir='ltr'>tamen</span> <span class='ocrx_word' id='word_1_212' title='bbox 996 3393 1065 3456; x_wconf 91' lang='lat' dir='ltr'>quod</span> <span class='ocrx_word' id='word_1_213' title='bbox 1085 3408 1170 3442; x_wconf 81' lang='lat' dir='ltr'>trenno</span> 
     </span>
     <span class='ocr_line' id='line_1_30' title="bbox 64 3462 1172 3526; baseline 0.003 -20"><span class='ocrx_word' id='word_1_214' title='bbox 64 3465 99 3506; x_wconf 85' lang='lat' dir='ltr'>est</span> <span class='ocrx_word' id='word_1_215' title='bbox 118 3474 168 3509; x_wconf 91' lang='lat' dir='ltr'>non</span> <span class='ocrx_word' id='word_1_216' title='bbox 190 3463 323 3526; x_wconf 84' lang='lat' dir='ltr'>perspexit</span> <span class='ocrx_word' id='word_1_217' title='bbox 393 3463 449 3513; x_wconf 86' lang='lat' dir='ltr'>XLI</span> <span class='ocrx_word' id='word_1_218' title='bbox 475 3465 581 3515; x_wconf 83' lang='lat' dir='ltr'>Sentius</span> <span class='ocrx_word' id='word_1_219' title='bbox 601 3467 627 3515; x_wconf 91' lang='lat' dir='ltr'>in</span> <span class='ocrx_word' id='word_1_220' title='bbox 641 3467 704 3515; x_wconf 80' lang='lat' dir='ltr'>Aen.</span> <span class='ocrx_word' id='word_1_221' title='bbox 721 3462 820 3516; x_wconf 81' lang='lat'><strong>111333</strong></span> <span class='ocrx_word' id='word_1_222' title='bbox 840 3463 985 3512; x_wconf 80' lang='lat' dir='ltr'>‘reddita</span> <span class='ocrx_word' id='word_1_223' title='bbox 1003 3477 1072 3511; x_wconf 88' lang='lat' dir='ltr'>more</span> <span class='ocrx_word' id='word_1_224' title='bbox 1092 3462 1172 3510; x_wconf 80' lang='lat' dir='ltr'>rteteri</span> 
     </span>
     <span class='ocr_line' id='line_1_31' title="bbox 64 3529 1135 3600; baseline 0.003 -24"><span class='ocrx_word' id='word_1_225' title='bbox 64 3542 106 3591; x_wconf 90' lang='lat' dir='ltr'>pro</span> <span class='ocrx_word' id='word_1_226' title='bbox 121 3529 181 3578; x_wconf 88' lang='lat' dir='ltr'>data</span> <span class='ocrx_word' id='word_1_227' title='bbox 198 3531 384 3596; x_wconf 83' lang='lat' dir='ltr'>accipiendum,</span> <span class='ocrx_word' id='word_1_228' title='bbox 403 3549 431 3583; x_wconf 93' lang='lat' dir='ltr'>re</span> <span class='ocrx_word' id='word_1_229' title='bbox 445 3549 505 3600; x_wconf 78' lang='lat' dir='ltr'>ergo</span> <span class='ocrx_word' id='word_1_230' title='bbox 522 3537 642 3586; x_wconf 85' lang='lat' dir='ltr'>abundat.</span> <span class='ocrx_word' id='word_1_231' title='bbox 665 3536 761 3584; x_wconf 88' lang='lat' dir='ltr'>Ennius</span> <span class='ocrx_word' id='word_1_232' title='bbox 776 3535 801 3583; x_wconf 91' lang='lat' dir='ltr'>in</span> <span class='ocrx_word' id='word_1_233' title='bbox 815 3531 962 3582; x_wconf 80' lang='lat' dir='ltr'>annalibus:</span> <span class='ocrx_word' id='word_1_234' title='bbox 979 3532 1019 3578; x_wconf 88' lang='lat' dir='ltr'>ut&#39;</span> <span class='ocrx_word' id='word_1_235' title='bbox 1035 3548 1057 3581; x_wconf 89' lang='lat' dir='ltr'>e.</span> <span class='ocrx_word' id='word_1_236' title='bbox 1074 3548 1098 3594; x_wconf 87' lang='lat' dir='ltr'>q.</span> <span class='ocrx_word' id='word_1_237' title='bbox 1115 3548 1135 3580; x_wconf 92' lang='lat' dir='ltr'>s.</span> 
     </span>
     <span class='ocr_line' id='line_1_32' title="bbox 95 3597 1170 3666; baseline 0.004 -20"><span class='ocrx_word' id='word_1_238' title='bbox 95 3597 166 3648; x_wconf 91' lang='lat' dir='ltr'>XLII</span> <span class='ocrx_word' id='word_1_239' title='bbox 185 3597 283 3650; x_wconf 90' lang='lat' dir='ltr'>Nonius</span> <span class='ocrx_word' id='word_1_240' title='bbox 290 3616 316 3666; x_wconf 91' lang='lat' dir='ltr'>p.</span> <span class='ocrx_word' id='word_1_241' title='bbox 326 3601 386 3661; x_wconf 84' lang='lat'>306,</span> <span class='ocrx_word' id='word_1_242' title='bbox 394 3601 428 3653; x_wconf 81' lang='lat'>23</span> <span class='ocrx_word' id='word_1_243' title='bbox 447 3603 530 3655; x_wconf 81' lang='lat' dir='ltr'>‘face</span> <span class='ocrx_word' id='word_1_244' title='bbox 538 3621 625 3656; x_wconf 88' lang='lat' dir='ltr'>ssere</span> <span class='ocrx_word' id='word_1_245' title='bbox 635 3613 673 3656; x_wconf 84' lang='lat' dir='ltr'>est</span> <span class='ocrx_word' id='word_1_246' title='bbox 683 3604 775 3654; x_wconf 83' lang='lat' dir='ltr'>lacere.</span> <span class='ocrx_word' id='word_1_247' title='bbox 796 3603 892 3652; x_wconf 87' lang='lat' dir='ltr'>Ennius</span> <span class='ocrx_word' id='word_1_248' title='bbox 903 3601 1036 3650; x_wconf 84' lang='lat' dir='ltr'>annalibus</span> <span class='ocrx_word' id='word_1_249' title='bbox 1049 3600 1111 3650; x_wconf 86' lang='lat' dir='ltr'>lib.l</span> <span class='ocrx_word' id='word_1_250' title='bbox 1124 3637 1129 3648; x_wconf 92' lang='lat'>.</span> <span class='ocrx_word' id='word_1_251' title='bbox 1140 3636 1145 3648; x_wconf 88' lang='lat'>.</span> <span class='ocrx_word' id='word_1_252' title='bbox 1155 3601 1170 3647; x_wconf 86' lang='lat'>.&#39;</span> 
     </span>
    </p>
   </div>
   <div class='ocr_carea' id='block_1_14' title="bbox 69 3709 265 3722">
    <p class='ocr_par' dir='ltr' id='par_1_14' title="bbox 69 3709 265 3722">
     <span class='ocr_line' id='line_1_33' title="bbox 69 3709 265 3722; baseline 0 0"><span class='ocrx_word' id='word_1_253' title='bbox 69 3709 265 3722; x_wconf 66' lang='lat'><strong>¹--—-——</strong></span> 
     </span>
    </p>
   </div>
   <div class='ocr_carea' id='block_1_15' title="bbox 65 3774 1172 4356">
    <p class='ocr_par' dir='ltr' id='par_1_15' title="bbox 65 3774 1172 4022">
     <span class='ocr_line' id='line_1_34' title="bbox 103 3774 1172 3842; baseline -0.002 -12"><span class='ocrx_word' id='word_1_254' title='bbox 103 3778 137 3830; x_wconf 82' lang='lat'>53</span> <span class='ocrx_word' id='word_1_255' title='bbox 162 3775 222 3828; x_wconf 89' lang='lat' dir='ltr'>sale</span> <span class='ocrx_word' id='word_1_256' title='bbox 240 3776 316 3842; x_wconf 85' lang='lat' dir='ltr'>nata]</span> <span class='ocrx_word' id='word_1_257' title='bbox 339 3783 473 3833; x_wconf 88' lang='lat' dir='ltr'>saneneta</span> <span class='ocrx_word' id='word_1_258' title='bbox 495 3779 565 3834; x_wconf 80' lang='lat' dir='ltr'>iibri.</span> <span class='ocrx_word' id='word_1_259' title='bbox 588 3795 661 3834; x_wconf 90' lang='lat' dir='ltr'>nunc</span> <span class='ocrx_word' id='word_1_260' title='bbox 684 3783 780 3833; x_wconf 84' lang='lat' dir='ltr'>sancta</span> <span class='ocrx_word' id='word_1_261' title='bbox 804 3775 949 3842; x_wconf 79' lang='lat' dir='ltr'>Columna,</span> <span class='ocrx_word' id='word_1_262' title='bbox 972 3774 1093 3830; x_wconf 79' lang='lat' dir='ltr'>Merula.</span> <span class='ocrx_word' id='word_1_263' title='bbox 1118 3775 1172 3828; x_wconf 80' lang='lat' dir='ltr'>dea</span> 
     </span>
     <span class='ocr_line' id='line_1_35' title="bbox 66 3857 1172 3936; baseline 0.007 -28"><span class='ocrx_word' id='word_1_264' title='bbox 66 3864 158 3913; x_wconf 89' lang='lat' dir='ltr'>sancta</span> <span class='ocrx_word' id='word_1_265' title='bbox 167 3857 205 3913; x_wconf 86' lang='lat' dir='ltr'>H.</span> <span class='ocrx_word' id='word_1_266' title='bbox 215 3859 362 3931; x_wconf 75' lang='lat' dir='ltr'>Ilberpr&#39;us.</span> <span class='ocrx_word' id='word_1_267' title='bbox 387 3861 429 3934; x_wconf 83' lang='lat' dir='ltr'>Os.</span> <span class='ocrx_word' id='word_1_268' title='bbox 443 3864 580 3919; x_wconf 76' lang='lat' dir='ltr'>Armenius</span> <span class='ocrx_word' id='word_1_269' title='bbox 594 3867 680 3936; x_wconf 75' lang='lat' dir='ltr'>epr&#39;pr.</span> <span class='ocrx_word' id='word_1_270' title='bbox 691 3869 726 3921; x_wconf 79' lang='lat'>33</span> <span class='ocrx_word' id='word_1_271' title='bbox 738 3867 764 3916; x_wconf 85' lang='lat' dir='ltr'>et</span> <span class='ocrx_word' id='word_1_272' title='bbox 769 3859 938 3916; x_wconf 77' lang='lat' dir='ltr'>Plutarchus</span> <span class='ocrx_word' id='word_1_273' title='bbox 947 3859 1042 3931; x_wconf 79' lang='lat' dir='ltr'>Symp.</span> <span class='ocrx_word' id='word_1_274' title='bbox 1067 3860 1172 3924; x_wconf 57' lang='lat' dir='ltr'>riom</span> 
     </span>
     <span class='ocr_line' id='line_1_36' title="bbox 65 3927 1130 4022; baseline 0.005 -29"><span class='ocrx_word' id='word_1_275' title='bbox 65 3927 144 4012; x_wconf 78' lang='grc' dir='ltr'><strong><em>οἶμαι</em></strong></span> <span class='ocrx_word' id='word_1_276' title='bbox 160 3935 193 3998; x_wconf 69' lang='lat' dir='ltr'>dd</span> <span class='ocrx_word' id='word_1_277' title='bbox 203 3938 252 3999; x_wconf 77' lang='grc' dir='ltr'>καὶ</span> <span class='ocrx_word' id='word_1_278' title='bbox 261 3932 316 4018; x_wconf 80' lang='grc' dir='ltr'>τὴν</span> <span class='ocrx_word' id='word_1_279' title='bbox 325 3931 503 4021; x_wconf 73' lang='grc' dir='ltr'><strong><em>Ἀφροδίτην</em></strong></span> <span class='ocrx_word' id='word_1_280' title='bbox 520 3934 673 4022; x_wconf 71' lang='grc' dir='ltr'><em>ἁλιγενῆ</em></span> <span class='ocrx_word' id='word_1_281' title='bbox 688 3933 756 4012; x_wconf 75' lang='grc' dir='ltr'><em>τοὺς</em></span> <span class='ocrx_word' id='word_1_282' title='bbox 766 3933 888 4019; x_wconf 59' lang='lat' dir='ltr'>nutritur</span> <span class='ocrx_word' id='word_1_283' title='bbox 904 3932 1130 4018; x_wconf 74' lang='grc' dir='ltr'><strong><em>προςαγορεύειν</em></strong></span> 
     </span>
    </p>

    <p class='ocr_par' dir='ltr' id='par_1_16' title="bbox 106 4027 1120 4105">
     <span class='ocr_line' id='line_1_37' title="bbox 106 4027 1120 4105; baseline 0.001 -25"><span class='ocrx_word' id='word_1_284' title='bbox 106 4029 203 4083; x_wconf 92' lang='lat' dir='ltr'>Venus</span> <span class='ocrx_word' id='word_1_285' title='bbox 219 4035 246 4082; x_wconf 90' lang='lat' dir='ltr'>et</span> <span class='ocrx_word' id='word_1_286' title='bbox 260 4029 323 4084; x_wconf 72' lang='lat' dir='ltr'>labri</span> <span class='ocrx_word' id='word_1_287' title='bbox 426 4039 459 4089; x_wconf 85' lang='lat'>55</span> <span class='ocrx_word' id='word_1_288' title='bbox 479 4032 618 4104; x_wconf 77' lang='lat' dir='ltr'>Tyberine</span> <span class='ocrx_word' id='word_1_289' title='bbox 633 4033 737 4105; x_wconf 79' lang='lat' dir='ltr'>Anplie</span> <span class='ocrx_word' id='word_1_290' title='bbox 753 4029 827 4086; x_wconf 85' lang='lat' dir='ltr'>Med.</span> <span class='ocrx_word' id='word_1_291' title='bbox 914 4027 1005 4082; x_wconf 88' lang='lat' dir='ltr'>Xanto</span> <span class='ocrx_word' id='word_1_292' title='bbox 1022 4028 1120 4083; x_wconf 82' lang='lat' dir='ltr'>Solisb.</span> 
     </span>
    </p>

    <p class='ocr_par' dir='ltr' id='par_1_17' title="bbox 66 4105 1172 4356">
     <span class='ocr_line' id='line_1_38' title="bbox 146 4105 1170 4186; baseline -0.006 -14"><span class='ocrx_word' id='word_1_293' title='bbox 146 4117 181 4172; x_wconf 80' lang='lat'>56</span> <span class='ocrx_word' id='word_1_294' title='bbox 203 4115 252 4168; x_wconf 80' lang='lat' dir='ltr'>Illa</span> <span class='ocrx_word' id='word_1_295' title='bbox 267 4113 304 4167; x_wconf 89' lang='lat' dir='ltr'>da</span> <span class='ocrx_word' id='word_1_296' title='bbox 320 4115 424 4172; x_wconf 80' lang='lat' dir='ltr'>Nonius</span> <span class='ocrx_word' id='word_1_297' title='bbox 500 4119 590 4186; x_wconf 84' lang='lat' dir='ltr'>neptis</span> <span class='ocrx_word' id='word_1_298' title='bbox 606 4117 681 4173; x_wconf 80' lang='lat' dir='ltr'>Laid.</span> <span class='ocrx_word' id='word_1_299' title='bbox 699 4117 781 4171; x_wconf 82' lang='lat' dir='ltr'>Nonii</span> <span class='ocrx_word' id='word_1_300' title='bbox 856 4105 1087 4167; x_wconf 70' lang='lat' dir='ltr'>erumnastetuti&#39;²⁵</span> <span class='ocrx_word' id='word_1_301' title='bbox 1110 4115 1170 4167; x_wconf 86' lang='lat' dir='ltr'>cod.</span> 
     </span>
     <span class='ocr_line' id='line_1_39' title="bbox 67 4193 1169 4259; baseline 0.004 -11"><span class='ocrx_word' id='word_1_302' title='bbox 67 4193 191 4252; x_wconf 80' lang='lat' dir='ltr'>Gbcrt‘air&#39;.</span> <span class='ocrx_word' id='word_1_303' title='bbox 208 4213 338 4254; x_wconf 90' lang='lat' dir='ltr'>erumnas</span> <span class='ocrx_word' id='word_1_304' title='bbox 355 4201 474 4255; x_wconf 91' lang='lat' dir='ltr'>netulisti</span> <span class='ocrx_word' id='word_1_305' title='bbox 491 4202 597 4258; x_wconf 83' lang='lat' dir='ltr'>Nouius</span> <span class='ocrx_word' id='word_1_306' title='bbox 703 4205 737 4259; x_wconf 87' lang='grc'>59</span> <span class='ocrx_word' id='word_1_307' title='bbox 754 4199 790 4253; x_wconf 89' lang='lat' dir='ltr'>ad</span> <span class='ocrx_word' id='word_1_308' title='bbox 807 4200 853 4253; x_wconf 91' lang='lat' dir='ltr'>itta</span> <span class='ocrx_word' id='word_1_309' title='bbox 869 4214 892 4251; x_wconf 93' lang='lat' dir='ltr'>r.</span> <span class='ocrx_word' id='word_1_310' title='bbox 908 4215 933 4250; x_wconf 93' lang='lat' dir='ltr'>n.</span> <span class='ocrx_word' id='word_1_311' title='bbox 951 4201 983 4252; x_wconf 86' lang='lat' dir='ltr'>‘e</span> <span class='ocrx_word' id='word_1_312' title='bbox 998 4199 1095 4256; x_wconf 83' lang='lat' dir='ltr'>Seruio</span> <span class='ocrx_word' id='word_1_313' title='bbox 1110 4197 1169 4253; x_wconf 83' lang='lat' dir='ltr'>Dc-</span> 
     </span>
     <span class='ocr_line' id='line_1_40' title="bbox 66 4280 1172 4356; baseline 0.005 -24"><span class='ocrx_word' id='word_1_314' title='bbox 66 4280 154 4334; x_wconf 83' lang='lat' dir='ltr'>nielis&#39;</span> <span class='ocrx_word' id='word_1_315' title='bbox 176 4281 290 4338; x_wconf 83' lang='lat' dir='ltr'>Merula</span> <span class='ocrx_word' id='word_1_316' title='bbox 391 4290 427 4344; x_wconf 85' lang='lat'>60</span> <span class='ocrx_word' id='word_1_317' title='bbox 448 4287 570 4342; x_wconf 84' lang='lat' dir='ltr'>ecfatus:</span> <span class='ocrx_word' id='word_1_318' title='bbox 587 4287 636 4356; x_wconf 91' lang='lat' dir='ltr'>ibi]</span> <span class='ocrx_word' id='word_1_319' title='bbox 657 4293 684 4342; x_wconf 88' lang='lat' dir='ltr'>et</span> <span class='ocrx_word' id='word_1_320' title='bbox 704 4287 760 4340; x_wconf 85' lang='lat' dir='ltr'>lata</span> <span class='ocrx_word' id='word_1_321' title='bbox 781 4284 834 4340; x_wconf 90' lang='lat' dir='ltr'>sibi</span> <span class='ocrx_word' id='word_1_322' title='bbox 848 4283 936 4339; x_wconf 82' lang='lat' dir='ltr'>Bern.</span> <span class='ocrx_word' id='word_1_323' title='bbox 947 4283 972 4340; x_wconf 82' lang='lat' dir='ltr'>b.</span> <span class='ocrx_word' id='word_1_324' title='bbox 988 4290 1015 4338; x_wconf 91' lang='lat' dir='ltr'>et</span> <span class='ocrx_word' id='word_1_325' title='bbox 1032 4286 1104 4341; x_wconf 87' lang='lat' dir='ltr'>latus</span> <span class='ocrx_word' id='word_1_326' title='bbox 1122 4283 1172 4339; x_wconf 90' lang='lat' dir='ltr'>ibi-</span> 
     </span>
    </p>
   </div>
   <div class='ocr_carea' id='block_1_16' title="bbox 0 0 1398 4944">
    <p class='ocr_par' dir='ltr' id='par_1_18' title="bbox 0 0 1398 4944">
     <span class='ocr_line' id='line_1_41' title="bbox 0 0 1398 4944; baseline 0 0"><span class='ocrx_word' id='word_1_327' title='bbox 0 0 1398 4944; x_wconf 95' lang='lat' dir='ltr'> </span> 
     </span>
    </p>
   </div>
  </div>
 </body>
</html>
