2770 4946
605 335 961 402 TRAGOEDIAEVM

566 585 570 596 ,
656 505 909 579 everrere

330 723 377 794 ita
397 725 516 816 sipere
538 725 639 816 opino
662 747 740 796 esse
759 624 947 818 obtumum,
974 733 1010 798 ut
1031 751 1092 819 pro
1110 727 1241 797 uiribus

327 827 452 898 Tacere
472 851 511 898 ae
528 828 667 899 fabule'tri
690 835 767 1002 tutpI
778 830 924 968 ppuen's.

236 1106 240 1113 .
327 1098 335 1114 .
389 1045 498 1118 Erebo
518 1047 630 1118 erebia
650 1048 1252 1220 fuscisflelrinibusNox,te1'ouoeo.

325 1265 393 1334 Nisi
414 1272 540 1357 patrem
560 1267 708 1340 materno
725 1269 890 1362 sanguine
908 1271 1115 1343 exanclando
1134 1273 1327 1343 ulciscerem.

241 1493 300 1556 185
326 1485 362 1555 ld
380 1507 447 1578 ego
468 1485 584 1556 aecum
604 1488 724 1558 iecisse
744 1489 908 1582 expedibo
932 1493 1030 1582 atque
1050 1489 1204 1584 eloquar.

744 1623 780 1692 V
793 1621 810 1660 *

326 1842 425 1914 Vnde
443 1844 505 1914 sibi
522 1845 637 1936 populi
655 1849 688 1916 et
705 1745 999 1940 rbggsnbonsilium
1018 1845 1194 1937 expetunt,

325 1945 534 2017 summeium
555 1970 664 2018 rerum
686 1950 817 2036 incerti,
845 1972 931 2044 quos
950 1971 1016 2041 ego
1038 1949 1103 2041 ope
1122 1972 1202 2020 mea

255 2147 421 2200 Evuxrttbrs
468 2152 479 2200 1
503 2150 601 2201 Nonius
621 2167 647 2217 p.
668 2141 735 2212 475,
756 2151 773 2203 3
804 2152 919 2217 ‘opino
946 2166 993 2217 pro
1018 2151 1111 2217 opinor
1138 2139 1328 2202 ...'Pseuuius

222 2215 332 2283 Chryse:
352 2219 438 2270 inueni
457 2221 534 2285 opino
551 2235 607 2270 esse
625 2230 772 2287 optumum,
797 2222 899 2274 Orestes
918 2229 946 2270 ut
961 2221 1036 2271 heres
1055 2221 1103 2270 sed
1115 2228 1215 2272 temen.
1243 2221 1327 2272 Ennius

221 2285 419 2338 Eumenidibus:
439 2298 523 2340 terere
539 2291 617 2355 opino
638 2307 695 2342 esse
717 2292 862 2358 optumum’
883 2307 906 2342 e.
923 2307 947 2354 q.
964 2307 986 2340 s.
1005 2289 1162 2356 (Orestes
1246 2298 1327 2355 optu-

220 2371 301 2406 mum
315 2373 366 2408 om.
382 2357 487 2424 Bemb.)
557 2361 581 2408 11
598 2360 693 2411 Paulus
708 2362 777 2412 Festi
790 2379 817 2428 p.
833 2360 868 2412 83
880 2360 915 2410 Μ.
936 2361 1092 2410 ‘Erebum
1109 2361 1247 2427 Vergilius
1260 2361 1326 2408 inter-

221 2426 281 2475 dum
294 2427 474 2479 obsouritetem
486 2429 615 2492 quendem
628 2445 685 2481 esse
697 2431 820 2481 describit
831 2431 901 2496 opud
913 2429 1010 2480 inferos
1024 2467 1062 2478 ...
1084 2429 1166 2480 Verro
1183 2445 1246 2480 uero
1254 2428 1325 2479 Erebo

134 2549 137 2556 ,
220 2505 305 2546 natm
318 2497 422 2548 Noctem
437 2501 480 2548 sit.
510 2499 584 2548 Vnde
599 2507 674 2550 estet
694 2501 775 2550 iliud:
800 2500 919 2552 Erebo’
938 2516 961 2550 e.
975 2515 1001 2562 q.
1015 2515 1037 2549 s.
1066 2500 1122 2548 Huc
1134 2499 1217 2550 refert
1231 2499 1260 2550 0.
1273 2498 1326 2548 Rib-

219 2565 325 2616 beckius
345 2567 411 2617 oonl.
433 2567 526 2618 Aeseb.
545 2569 619 2618 Eum.
637 2567 687 2620 321
705 2570 794 2621 et844
864 2569 1015 2620 111N0ntus
1034 2585 1061 2635 p.
1079 2567 1140 2630 292,
1162 2569 1197 2621 15
1222 2573 1327 2619 ‘exen-

217 2636 324 2696 elere,
343 2637 481 2688 effundere.
510 2639 608 2688 Ennius
624 2639 809 2690 Eumenidibus
825 2641 881 2693 ...⁹
953 2640 988 2688 IV
1004 2639 1106 2698 Nonius.
1117 2654 1144 2704 p.
1156 2639 1221 2699 505,
1234 2638 1251 2689 8
1265 2641 1327 2686 ‘ex-

219 2707 344 2771 pedibo
364 2721 412 2772 pro
431 2707 578 2773 expediam.
610 2709 737 2760 Peouuius
764 2707 972 2775 ...expedibo
1005 2709 1129 2758 Accius
1153 2707 1325 2774 Nyctegresie:

219 2787 311 2826 cuncte
325 2776 454 2841 expedibo
523 2778 619 2828 Ennius
633 2779 831 2830 Eumenidibue:
852 2779 879 2828 id
898 2779 959 2844 ego'
980 2794 1002 2846 e.
1018 2793 1044 2840 q.
1059 2794 1080 2826 s.
1133 2779 1179 2831 ⁴V
1201 2779 1287 2829 Cicero
1300 2775 1326 2824 de

219 2855 283 2896 oret.
297 2846 365 2905 145,
385 2844 434 2896 199
451 2847 528 2910 ‘quid
541 2855 579 2896 est
593 2848 661 2897 enim
672 2849 844 2914 praeclarius,
868 2861 944 2911 quem
961 2847 1103 2898 honoribus
1119 2855 1145 2897 et
1158 2850 1199 2898 rei
1217 2847 1325 2914 publicae

219 2915 366 2965 muneribus
392 2915 554 2981 perfunctum
574 2932 662 2968 senem
683 2933 761 2983 posse
780 2933 827 2968 suo
847 2919 902 2967 iure
921 2917 1007 2968 dicere
1027 2917 1112 2977 idem,
1141 2919 1228 2980 quod
1252 2913 1326 2981 opud
1365 2935 1366 2952 t

144 2987 147 2992 '
173 3038 180 3048 ,
219 2985 354 3034 Ennium
372 2985 839 3054 dieetillePythiusApollo‚
859 3001 1083 3046 seeeseeum‚
1104 2983 1324 3045 undesibi,si
1365 3009 1366 3034 1

219 3069 281 3104 non
299 3055 418 3120 populi
436 3064 465 3104 et
483 3071 594 3122 regeS‚
615 3065 645 3105 et
663 3059 837 3108 omnessui
852 3058 943 3107 eines
962 3057 1143 3106 eonsilium
1163 3053 1323 3123 expetent'

219 3139 242 3174 e.
257 3140 282 3187 q.
296 3140 318 3173 s.
349 3125 426 3174 Deest
441 3125 484 3175 hic
505 3124 577 3175 loeus
595 3127 621 3175 in
635 3127 687 3176 Eri.
708 3142 732 3178 5.
766 3127 951 3178 Eumenidibus
970 3126 1113 3194 assigneuit
1132 3125 1324 3178 (1111155115
1365 3147 1366 3158 ¹

262 3334 312 3389 181
334 3345 377 3402 sq.
409 3329 519 3402 Scripsi
539 3346 577 3387 ere
601 3331 632 3386 0.
656 3331 799 3387 Ribbeckii
818 3331 1012 3386 emendatione.
1040 3337 1134 3386 tacere
1158 3332 1246 3401 opino
1268 3341 1323 3382 esse
1365 3333 1366 3336 ’

217 3421 361 3486 optumum
372 3422 400 3469 et
409 3431 460 3486 pro
473 3417 579 3472 uiribus
592 3433 693 3487 sapere
704 3423 786 3488 etque
797 3416 868 3482 libri,
883 3418 938 3470 5151
946 3416 1021 3487 quod
1029 3421 1156 3486 optutum
1174 3416 1214 3472 W
1212 3455 1220 3470 .
1233 3426 1323 3484 sapere
1365 3441 1366 3492 p

217 3517 283 3556 esse
298 3501 398 3570 opinor
419 3502 553 3571 optimum
578 3516 629 3570 pro
649 3502 772 3556 uiribus:
796 3501 903 3556 Tacere
923 3517 956 3554 eo
976 3499 1092 3555 Botbiut
1178 3497 1230 3558 ter
1252 3499 1323 3553 iabo-
1365 3515 1366 3520 ¹

216 3588 325 3642 latitate
352 3585 449 3640 Bomb.
535 3589 586 3644 183
616 3585 707 3641 Erebo
734 3591 881 3656 procreata
905 3587 1039 3656 proponit
1064 3584 1096 3639 0.
1124 3583 1288 3640 reiectio

259 3675 310 3730 185
331 3686 429 3726 aecum
453 3671 556 3725 secisse
574 3669 794 3726 (1115551555.
817 3685 915 3724 aecum
938 3670 1033 3724 aecius
1056 3670 1160 3724 iecisse
1185 3669 1262 3737 iibri,
1288 3664 1323 3736 ef.

214 3771 304 3828 supro
389 3757 505 3826 eloquor
529 3755 567 3809 W
649 3758 700 3814 188
723 3753 849 3810 Primum
864 3771 882 3808 a
900 3753 998 3809 Boibio
1022 3769 1060 3808 ex
1082 3754 1214 3810 Cicerone
1236 3755 1324 3808 ereio
1365 3813 1366 3818 η

214 3856 327 3906 nereio,
355 3842 433 3895 euius
446 3840 555 3895 51551555
568 3839 651 3910 fidem
669 3854 729 3899 esee
745 3838 776 3895 0.
793 3837 957 3894 Ribbeckiur
972 3843 1076 3893 censet:
1095 3837 1208 3910 555555
1222 3837 1323 3893 Emito
1365 3887 1366 3890 ,

212 3926 340 3998 pluribus
349 3926 471 3998 sortasse
475 3926 644 3996 populorum
654 3939 803 3996 repumque
813 3937 978 3979 concursum
988 3924 1171 3978 eoeomooeeit
1223 3921 1228 3934 “
1254 3918 1321 3976 unde
1356 3949 1360 3954 ·

216 4014 269 4069 sibi
288 4009 383 4082 populi
405 4017 433 4064 et
451 4025 536 4080 reges
555 4008 682 4064 Albertos
695 4009 817 4080 Lonpius
838 3999 949 4075 Oooest.
969 4013 1048 4062 metr.
1065 4025 1097 4078 p.
1113 4012 1158 4065 20.
1178 4006 1254 4061 unde
1274 4002 1319 4058 sibi

215 4099 294 4153 eiues
311 4112 410 4150 omnes
429 4093 545 4150 Boeotus
631 4097 681 4152 187
702 4109 872 4148 summarum
887 4092 1128 4163 Lapomarsietioni
1142 4107 1245 4147 omnes.
1263 4105 1320 4144 suo-

213 4199 276 4236 rum
303 4195 473 4235 summorum
501 4179 571 4234 Gud.
592 4179 607 4231 b
629 4178 691 4233 Eri.
711 4196 729 4233 a
757 4179 849 4249 suppl.
880 4193 996 4230 suarum
1015 4178 1101 4230 ceteri
1184 4193 1238 4248 ope
1264 4187 1318 4228 mee
1365 4219 1366 4222 ,

216 4265 352 4336 Reisipiue
366 4263 441 4319 Geni.
456 4265 485 4317 in
499 4263 639 4334 Arietopb.
651 4279 686 4334 p.
699 4265 743 4320 11.
761 4278 825 4316 mea
841 4277 894 4332 ope
909 4261 972 4316 iibri

406 4435 421 4466 9
