2784 4940
215 383 316 430 nxxn
627 365 936 438 QVAESTIONES

217 537 411 598 Romanorum
434 543 529 595 castra
549 535 685 611 impetum
702 531 837 607 fecerint,
859 549 1002 592 armorum
1016 531 1202 610 hostiumque
1219 531 1323 590 oblitos

154 635 157 642 ’
218 643 331 721 epulari
358 643 512 720 coepisse,
545 649 574 699 et
593 649 623 698 ut
645 637 748 715 quibus
777 639 906 695 insuetos
936 636 1088 696 liberalior
1115 640 1211 696 uictus
1234 647 1321 712 esset,

216 747 328 807 auidius
357 748 425 804 nino
455 744 580 822 ciboque
610 761 735 821 corpora
757 759 908 802 onerasse.
947 742 986 800 At
1008 741 1075 802 mihi
1098 742 1126 799 iu
1141 740 1185 799 his
1201 744 1322 801 maxime

217 851 304 913 rebus
335 858 442 929 potitae
467 849 559 910 danda
588 867 655 908 esse
678 848 794 908 licentia
822 848 964 924 quaedam
986 847 1101 906 uidetur
1123 847 1259 905 simodo
1283 857 1323 905 est

215 955 347 1016 lieentia:
375 964 470 1034 neque
495 973 552 1032 ego
574 956 640 1015 hine
661 955 762 1014 eiciam
792 972 911 1028 uersus,
936 954 1116 1032 quantumuis
1138 951 1237 1010 Liuius
1265 953 1322 1010 nul-

217 1062 273 1122 lam
295 1062 458 1139 crapulam,
482 1079 566 1140 qnam
587 1060 712 1121 adhunc
733 1069 845 1138 partem
867 1059 1000 1119 carminis
1022 1057 1137 1133 trahas,
1161 1057 1321 1135 perhibeat.

217 1166 313 1226 Potuit
335 1177 430 1226 autem
457 1167 514 1227 illis
545 1186 582 1226 ex
604 1167 723 1225 incertis
738 1166 883 1242 dragmae
906 1164 1024 1243 aliquod
1052 1163 1089 1222 de
1113 1166 1250 1224 conuiuio
1276 1165 1322 1224 de-

217 1281 394 1351 promptum:
427 1284 539 1334 want
571 1284 699 1332 erc'eros
731 1276 835 1331 ahenos
866 1272 944 1348 (inc.
971 1271 1034 1330 sed.
1058 1268 1105 1348 L)
1136 1273 1322 1349 praemissum

219 1395 298 1436 esse.
493 1367 497 1374 ⁴

301 1482 384 1542 Duos
407 1483 455 1561 qui
470 1485 636 1543 insecuntur
652 1482 770 1542 annales
785 1489 901 1560 po'e'tam
918 1483 946 1540 in
961 1480 1022 1541 bel
1032 1482 1069 1541 lo
1085 1481 1321 1542 Antiocheno

217 1586 385 1665 inpendisse
407 1606 470 1650 cum
490 1591 685 1669 progrediens
708 1587 844 1666 paulatim
871 1590 996 1648 narratio
1020 1589 1136 1664 exigat,
1160 1597 1219 1646 tum
1247 1605 1321 1646 com·

217 1694 351 1753 mendant
372 1691 531 1773 praecipue
550 1705 630 1755 certa
652 1694 838 1771 reliquiarum
860 1696 973 1756 indicia.
1011 1695 1056 1754 Ac
1078 1694 1240 1754 decimus
1264 1694 1320 1769 qni·

217 1799 283 1858 dent
319 1801 454 1857 tertius
487 1800 630 1859 annalis
667 1802 695 1859 in
729 1800 867 1877 adparatu
896 1800 967 1860 belli
997 1809 1131 1859 uersatus
1167 1807 1221 1856 est.
1266 1798 1320 1856 De·

218 1905 351 1982 pinxerat
380 1911 466 1981 potita
496 1903 705 1983 Romanomm,
733 1915 856 1985 accepta
881 1907 943 1966 eius
972 1904 1043 1965 belli
1069 1906 1162 1981 lama,
1185 1922 1319 1984 pauorem

217 2028 252 2070 ac
270 2000 466 2069 formidinem:
491 2027 574 2086 quam
587 2009 682 2070 Liuius
699 2016 790 2089 tangit
810 2012 918 2072 XXXV
934 2009 989 2070 23:
1011 2021 1132 2071 ceteram
1154 2031 1185 2070 eo
1206 2022 1319 2086 tempore
1374 1992 1375 1995 Ἴ

216 2123 306 2178 minus
322 2137 356 2176 ea
378 2121 448 2176 bella
469 2113 540 2191 qnae
561 2120 729 2191 perebuntnr
747 2139 833 2178 curae
849 2122 978 2194 putrihrts
996 2127 1078 2177 eram
1094 2139 1178 2192 quom
1193 2127 1317 2193 esperla-

217 2229 251 2282 tio
273 2228 394 2282 nondum
411 2227 501 2296 coepti
521 2241 583 2280 enm
599 2225 730 2282 Antiocho
753 2227 820 2284 belli.
866 2224 958 2296 Quem
979 2239 1119 2300 pauorem
1142 2241 1177 2282 ea
1197 2240 1246 2280 res
1266 2240 1316 2279 ma·

218 2329 294 2386 xime
323 2327 456 2400 adauxit,
486 2326 564 2403 quod
586 2326 776 2403 Antiochum,
811 2347 896 2407 quem
913 2328 1135 2406 Hellespontum
1155 2347 1219 2388 cum
1241 2345 1315 2386 exer·

220 2433 278 2490 citu
307 2434 447 2491 transisse
476 2431 638 2491 rumoribus
668 2431 792 2514 adlatum
817 2443 880 2493 erat
912 2433 1023 2510 (Liuius
1045 2436 1065 2494 l.
1090 2433 1151 2511 1.),
1183 2442 1315 2510 tamquam

219 2537 341 2596 alterum
363 2537 491 2597 Xerxem
520 2537 707 2596 aduenturum
731 2541 975 2608 extimescebam:
1000 2541 1029 2601 id
1052 2540 1129 2618 quod
1154 2536 1258 2598 Florus
1279 2546 1314 2594 te·

218 2650 310 2702 statur
338 2643 367 2720 (l
396 2641 435 2702 24
466 2660 494 2720 p.
523 2643 562 2702 43
591 2643 710 2722 Jahn.):
746 2666 800 2703 non
828 2652 905 2706 alind
928 2652 1134 2722 formidolosius
1160 2649 1240 2720 samo
1266 2647 1310 2701 let-

218 2755 272 2808 lnm
287 2754 354 2824 snit:
377 2757 478 2827 qnippe
497 2771 558 2808 cerm
574 2755 680 2808 Persas
701 2760 727 2808 et
747 2757 886 2826 orientem,
906 2758 1026 2812 Xerxen
1045 2764 1127 2829 ctqrte
1140 2755 1258 2808 Darium
1278 2768 1314 2806 co-

216 2862 348 2931 pitnrenl,
370 2861 480 2930 qnando
498 2860 626 2933 perfossi
640 2861 708 2915 inuti
725 2866 843 2927 rnontes,
877 2863 988 2934 qntundo
1009 2863 1078 2916 nelis
1099 2867 1224 2931 opertum
1246 2871 1314 2911 more

216 2966 405 3018 certioretur:
429 2966 468 3019 nd
479 2965 531 3020 hoc
554 2967 682 3020 caelestes
705 2967 795 3019 minoe
816 2967 986 3031 territabant,
1009 2983 1070 3022 enm
1087 2980 1184 3020 umore
1198 2967 1313 3020 eontinrn

217 3070 357 3126 Cumanus
367 3069 464 3140 Apollo
486 3073 609 3126 sudaret.
650 3066 747 3144 Atque
762 3067 788 3124 ei
804 3067 847 3139 rei
863 3070 999 3126 conuenit
1020 3067 1104 3126 Ennii
1124 3085 1228 3125 uersus
1248 3073 1314 3141 isque

216 3173 391 3244 Hellesponto
415 3183 527 3245 pontem
555 3177 692 3232 contendit
717 3179 745 3230 in
774 3177 828 3232 alto
856 3172 913 3253 (ll)
944 3173 1018 3232 haud
1046 3172 1132 3232 dubie
1150 3172 1217 3230 than
1237 3188 1312 3230 occa·

218 3279 301 3334 sione
329 3276 432 3335 editus.
479 3276 599 3336 Praeter
620 3280 709 3336 minas
734 3287 829 3336 autem
853 3256 999 3338 caelestes
1023 3277 1077 3355 (cl.
1100 3277 1196 3337 Liuius
1215 3275 1314 3336 XXXV

219 3380 275 3459 21)
301 3381 377 3457 apud
407 3379 527 3439 Ennium
554 3381 681 3441 tortasse
710 3393 793 3442 uates
826 3384 1163 3462 aliquis'inpeodentem
1192 3383 1313 3456 e'Syria

217 3495 419 3566 tempestatem
442 3487 636 3564 praedixerat.
683 3485 790 3548 Contra
814 3507 899 3567 quem
921 3489 1101 3566 nescioquis
1121 3506 1179 3547 non
1198 3499 1253 3547 tam
1272 3506 1312 3546 ua·

216 3603 274 3653 tum
296 3593 514 3666 hariolationes‚
540 3610 610 3669 quas
631 3611 666 3652 ne
688 3597 716 3654 iu
738 3605 833 3654 aetate
855 3591 970 3670 quidem
991 3584 1103 3670 agenda
1125 3596 1195 3654 satis
1219 3611 1313 3653 uetare

217 3701 356 3778 adpareat
380 3698 442 3778 (l),
472 3717 557 3776 quam
580 3700 672 3778 ipsam
701 3719 796 3759 rerum
821 3697 1015 3758 conditionem
1038 3671 1226 3778 spectandam
1255 3717 1313 3758 esse

216 3806 345 3866 adfirmat
362 3805 445 3884 (ΙΙΙ).
476 3803 520 3864 ct.
534 3805 619 3865 Ennii
632 3805 798 3865 Telamonis
813 3805 848 3862 fr.
862 3803 897 3862 ll.
934 3803 1193 3880 Fragmentule
1210 3805 1313 3865 discidii

217 3911 363 3971 cuiusdam
383 3909 558 3970 Antiochum
582 3913 656 3970 inter
687 3919 716 3969 et
737 3910 925 3971 Hannibalem
948 3912 1003 3968 orti
1024 3910 1159 3970 indicium
1182 3915 1311 3970 continet.

216 4013 299 4074 lnitio
326 4015 441 4094 quidem
470 4025 566 4076 nolum
598 4026 642 4075 est
672 4015 844 4075 Antiochum
871 4015 907 4074 ab
940 4016 1100 4075 Hannibale
1132 4021 1254 4077 maxime
1282 4017 1311 4075 ad

215 4122 277 4179 eius
304 4119 375 4179 belli
404 4123 550 4199 inceptum
576 4121 749 4180 stimulatum
772 4140 850 4180 esse.
896 4119 941 4179 Gi.
965 4121 1061 4180 Liuius
1089 4121 1198 4182 XXXV
1226 4124 1261 4183 19
1289 4131 1312 4182 et

216 4224 249 4286 ll.
271 4224 534 4306 Ritterusldphem.
553 4229 641 4308 antiq.
661 4226 785 4288 Darmst.
805 4245 832 4286 a.
852 4227 932 4289 1840
947 4247 974 4308 p.
990 4227 1051 4289 382
1068 4247 1113 4310 sq.
1166 4228 1221 4301 Qui
1243 4229 1310 4310 quod
