2784 4940
222 371 268 418 ux
619 360 934 430 ovassrrouss

223 525 310 586 dubie
337 525 529 600 Quintilianus
560 525 772 606 (1117‚tt),
800 527 849 606 qui
874 528 982 587 omisso
1009 527 1124 606 quidem
1150 537 1276 606 poetae
1299 549 1344 590 nc-

221 634 296 693 tnine
320 633 394 694 baec
416 641 521 692 tantum
548 637 613 692 dum
637 637 746 692 clauum
767 643 874 692 rectum
898 645 1004 694 teneam
1026 634 1137 709 adfert,
1161 637 1226 696 sed
1251 640 1293 696 ita
1320 649 1344 697 nt

222 753 280 813 quo
306 737 370 798 iere
391 755 465 798 nexu
489 739 513 796 is
541 757 645 798 uersus
672 737 747 816 apud
772 737 892 798 Ennium
914 738 1027 798 babitus
1053 740 1140 800 luerit
1169 743 1343 819 significet:

222 847 294 904 Nom
322 853 349 904 et
365 849 535 920 pedernctor
566 847 656 924 inquit
684 849 744 904 uult
767 849 848 904 sclua
868 865 941 904 noue
972 851 1001 904 in
1024 857 1138 922 portum
1161 859 1345 924 peruenire:

220 955 247 1008 si
266 959 356 1010 tomen
377 961 533 1027 tempestate
549 955 636 1028 suerit
654 955 798 1027 obreptus,
819 971 874 1011 non
894 955 953 1011 ideo
974 957 1064 1011 minus
1081 960 1135 1012 erit
1151 959 1345 1031 pubes-nator,

221 1061 344 1134 dicetque
364 1067 458 1118 notum
479 1063 559 1118 illud.-
581 1063 645 1117 dum
663 1061 775 1116 clauum
793 1069 897 1118 rectum
918 1065 1032 1116 teneam.
1065 1058 1128 1132 Qua
1147 1079 1182 1120 re
1212 1063 1288 1122 uide
1312 1085 1344 1124 an

221 1165 249 1224 bi
282 1165 339 1224 duo
370 1181 490 1240 uersus,
533 1163 637 1244 quibus
670 1165 784 1223 tertium
815 1164 938 1223 forsitan
970 1163 1059 1224 addas
1088 1170 1173 1242 fortae
1205 1174 1342 1242 Romani,

220 1291 386 1348 quemquem
405 1273 500 1331 caelus
514 1274 677 1346 moliendos
703 1271 776 1342 (inc.
797 1270 859 1329 sed.
883 1267 980 1348 XXV)
1012 1271 1152 1347 fragmina
1175 1294 1196 1334 e
1224 1279 1342 1338 naufra-

220 1378 259 1454 gii
279 1377 442 1448 cuiusdam,
470 1374 519 1434 uel
545 1374 622 1434 illius
645 1374 723 1453 quod
745 1375 781 1435 ad
804 1393 884 1434 oram
905 1377 1031 1436 Siculam
1058 1377 1166 1437 lactum
1191 1379 1343 1456 Polybius

219 1483 289 1544 137
311 1481 457 1561 perhibet,
479 1482 677 1560 descriptione
697 1481 854 1545 resideant.
886 1479 929 1540 lbi
949 1484 1023 1542 enirn
1041 1485 1231 1561 gubernator
1251 1507 1342 1567 prop-

220 1598 266 1649 ter
303 1589 486 1647 inminentem
523 1605 606 1666 quam
646 1587 835 1666 praeuidebat
871 1597 1075 1665 tempestatem
1112 1592 1341 1667 nauigationem

220 1697 414 1758 dissuaserat:
446 1694 498 1754 sed
521 1712 536 1753 a
561 1694 635 1753 duce
656 1691 789 1752 Romano
817 1695 898 1753 ouius
927 1703 992 1752 sunt
1014 1683 1141 1756 tortasse
1165 1698 1222 1758 illa
1247 1701 1339 1759 uerba

221 1819 296 1879 quac
318 1801 354 1859 ir.
374 1799 457 1860 XXV
479 1801 607 1860 continet
629 1817 685 1858 nou
705 1798 883 1859 audiebatur.
929 1799 989 1858 Sed
1009 1799 1083 1860 baec
1104 1802 1133 1858 in
1157 1802 1339 1860 coniectura

219 1907 313 1984 posita
342 1915 415 1965 sunt.
461 1905 535 1979 Quin
560 1905 615 1965 bos
644 1923 749 1965 uersus
776 1921 893 1979 omnes,
923 1905 1026 1984 quibus
1049 1906 1143 1965 editor
1165 1904 1339 1984 Lipsiensis

219 2031 298 2072 suam
325 2011 429 2090 cuique
457 2012 573 2087 sedern,
604 2021 634 2070 ut
661 2012 717 2088 ipsi
740 2011 832 2069 uisum
853 2020 899 2069 est
921 2013 1124 2087 certissimam,
1151 2011 1336 2089 adsignauit,

218 2119 301 2194 mibi,
329 2118 465 2197 quoniam
492 2118 520 2174 iu
541 2115 715 2175 Antioobieo
743 2132 860 2194 quoque
890 2116 972 2176 bello
993 2115 1130 2194 (cf.XlV
1154 2117 1190 2180 ir.
1217 2117 1336 2198 l-Itu

218 2242 267 2283 res
292 2227 363 2284 mari
386 2234 415 2285 et
437 2225 558 2284 nauibus
580 2233 664 2300 gesta
687 2231 748 2297 eet,
775 2240 811 2280 ne
834 2220 892 2280 boc
915 2223 1030 2301 quidem
1055 2225 1151 2284 euiuoi
1171 2240 1271 2302 posse
1295 2229 1335 2284 ui·

219 2331 302 2391 detur·
324 2333 438 2391 omnino
461 2331 488 2389 in
511 2330 619 2390 Punico
642 2328 723 2388 bello
739 2329 839 2408 locum
856 2327 1004 2388 babuisse.

303 2438 395 2497 Porro
427 2437 462 2496 ir.
482 2436 550 2497 XVI
582 2445 611 2496 et
638 2434 733 2494 XVII:
763 2439 881 2511 sortibus
913 2445 953 2495 est
976 2439 1091 2512 fortune
1119 2437 1186 2493 data
1217 2444 1252 2494 el
1279 2457 1336 2495 non

216 2561 326 2617 semper
353 2543 449 2603 uestro
479 2553 597 2604 euertet:
625 2562 700 2602 necne
726 2543 854 2617 Iuppiter
880 2545 934 2600 lece
961 2553 1016 2601 stat
1036 2541 1102 2600 mibi
1124 2542 1187 2600 uisa
1211 2551 1284 2600 suut
1309 2544 1335 2600 in

217 2648 298 2708 ducis
321 2648 443 2708 alicuius
466 2649 667 2709 cohortatione
685 2647 721 2706 ad
744 2648 916 2725 perterritos
938 2647 1044 2706 milites
1066 2646 1163 2705 habita
1183 2647 1260 2706 olim
1283 2667 1333 2708 co·

216 2755 358 2815 haesisse.
405 2755 514 2833 llugius
548 2754 664 2834 quidem
694 2753 871 2830 propensior
901 2762 946 2811 est
966 2752 1001 2812 ad
1034 2752 1211 2812 credendum
1244 2765 1275 2814 et
1298 2758 1333 2819 ir.

216 2860 299 2919 XVll
322 2869 351 2920 et
372 2861 443 2921 boc:
471 2865 524 2920 beu
540 2867 670 2936 quianam
685 2864 763 2919 dictis
784 2865 886 2918 nostris
902 2865 1033 2918 sententio
1046 2864 1126 2934 flexa
1137 2869 1178 2918 est
1196 2858 1332 2938 (XVIII)

218 2966 375 3030 edeorum
401 2968 526 3047 quodam
557 2983 698 3025 consessu
727 2964 898 3042 deprompta
930 2981 1016 3038 esse,
1050 2963 1166 3024 scilieet
1190 2964 1330 3044 Vergilio

221 3072 357 3148 confisus,
375 3073 424 3152 qui
438 3074 513 3134 Aen.
528 3071 555 3132 X
568 3074 587 3134 6
602 3072 639 3131 ab
652 3070 744 3130 Ennio
762 3070 893 3130 colorem
909 3078 1051 3130 mutuatus
1070 3071 1099 3128 in
1117 3070 1244 3129 deorum
1262 3089 1331 3130 con-

219 3195 303 3236 sessu
315 3185 445 3254 quianam
458 3181 496 3240 ait
515 3185 647 3238 sententia
661 3183 737 3237 uobis
756 3181 844 3237 Versa
858 3186 952 3236 retro?
981 3175 1091 3249 Quare
1105 3175 1216 3252 Hugius
1232 3177 1330 3236 Ennio

218 3282 279 3342 uult
297 3289 398 3342 uostris
421 3289 498 3344 dietis
519 3285 647 3360 restitui,
671 3285 699 3341 iu
724 3301 787 3342 eum
810 3300 926 3341 sensum
945 3291 976 3341 ut
996 3291 1042 3341 est
1065 3283 1141 3360 apud
1160 3281 1330 3361 Vergilium

217 3391 303 3448 cotis.
354 3388 413 3447 Sed
435 3389 492 3449 hoe
515 3408 578 3449 cum
598 3389 682 3450 ualde
699 3387 826 3448 dubitem
844 3406 909 3446 num
933 3396 1016 3446 recte
1034 3388 1146 3449 dicatur
1160 3395 1242 3449 dictis
1264 3411 1328 3450 uos-

217 3499 267 3552 tris
289 3493 323 3570 (i.
342 3511 368 3552 e.
385 3496 476 3573 uobis)
499 3502 631 3555 sententia
651 3501 730 3571 flexo
748 3504 803 3568 eet,
830 3503 888 3552 tum
910 3495 938 3553 in
956 3494 1040 3554 Ennii
1063 3497 1190 3555 carmine
1211 3505 1328 3556 restau-

107 3666 110 3674 ,
216 3599 305 3659 nando
338 3608 422 3659 caute
450 3599 611 3676 Vergilium
645 3601 728 3679 sequi
761 3609 899 3678 praestat.
955 3600 1132 3681 Quamquam
1161 3601 1327 3662 editoribus

215 3705 303 3764 nolim
326 3706 459 3784 equidem
483 3705 650 3785 astipulari,
685 3724 750 3765 eum
772 3723 887 3766 uersum
906 3705 1012 3784 Reguli
1036 3725 1104 3767 esse
1126 3707 1327 3784 opinantibus,

216 3828 274 3890 quo
296 3810 346 3870 ille
366 3809 513 3871 Romanos
536 3812 573 3871 de
596 3814 746 3881 tormentis
770 3830 844 3890 quae
868 3814 961 3892 ipsum
983 3814 1011 3871 in
1032 3813 1161 3872 Africam
1184 3811 1327 3873 reducem

215 3925 364 4002 manerent
394 3926 590 3996 pauesoentes
621 3917 852 3996 compellauerit.
898 3919 1001 3978 Altero
1023 3928 1133 3992 autem,
1164 3919 1244 3995 quod
1269 3919 1327 3978 lin-

215 4024 279 4082 nius
303 4024 387 4100 dicit,
407 4044 483 4085 nunc
503 4027 629 4100 Iuppiter
651 4028 704 4083 lece
724 4033 791 4098 stat,
813 4025 889 4102 apud
910 4024 1072 4102 Vergilium
1094 4024 1170 4082 Aen.
1190 4023 1325 4098 xt1565

215 4130 333 4190 Aeneas
362 4130 407 4189 eui
434 4130 569 4205 genetrix
598 4147 703 4188 reeens
732 4130 854 4188 animum
877 4130 1032 4205 iniecerat,
1063 4129 1163 4190 socios
1187 4130 1325 4191 cohorta-

215 4245 294 4295 turus
316 4235 412 4294 utitur.
