2752 4944
498 387 742 458 nntlovlan

598 557 645 628 XI
670 563 674 571 .

167 673 285 845 pegpp
306 673 529 744 eordeeomis
549 675 676 767 sparsis
696 677 806 768 passis
825 677 902 748 latu’
919 677 1036 772 palmis

203 797 248 845 cn
283 800 301 846 r

590 880 650 950 ΧΗ

170 1049 179 1064 .
206 995 342 1086 pinsant
362 1001 482 1068 terram
502 999 645 1091 genibus

583 1151 657 1220 Xlll

76 1273 139 1335 355
171 1265 212 1333 nt
228 1264 327 1334 simul
346 1265 476 1336 erubuit
492 1289 553 1338 eeu
576 1268 660 1338 lacte
680 1271 713 1338 et
733 1291 881 1358 purpura
902 1268 1013 1338 mixta.

294 1587 302 1602 .
355 1555 474 1604 cursus
496 1535 697 1629 quingentos
720 1559 821 1629 saepe
842 1537 949 1608 ueruti

588 1687 655 1758 XV

168 1805 315 1874 incertus
343 1803 384 1873 de
410 1803 512 1872 uerbo
539 1813 580 1874 29
614 1804 1035 1897 (Anal.Vind0b.p.162)
1067 1811 1105 1876 ‘a
1130 1805 1175 1876 fio

66 1910 169 1979 fiere
195 1929 273 1978 esse
298 1906 449 1992 deberet,
477 1907 537 1976 sed
557 1907 632 1978 licet
656 1931 740 1978 usus
767 1909 862 1980 aliter
885 1909 1062 2000 optinuerit
1088 1909 1180 1998 (fieri

67 2013 152 2080 enim
175 2033 262 2080 nunc
291 2009 440 2102 dieitur),
470 2010 596 2082 Ennius
623 2011 790 2082 tamenin
821 2013 852 2083 X
876 2013 1042 2083 annalium
1069 2013 1175 2083 fiere

67 2116 163 2200 dixit,
186 2137 253 2186 non
273 2113 366 2186 tieri'

503 2313 661 2400 LIBER
691 2313 736 2402 Xl

596 2522 640 2593 μ

169 2655 299 2746 Quippe
323 2653 432 2726 solent
454 2680 554 2751 reges
574 2680 689 2728 omnes
710 2657 743 2726 in
763 2656 863 2728 rebus
886 2655 1040 2726 secundis
1135 2709 1137 2712 -

102 2859 137 2908 Xl
156 2858 253 2908 Nonius
268 2873 295 2924 p.
311 2856 372 2918 370,
386 2859 420 2908 22
440 2861 585 2924 ‘passum
604 2867 750 2920 extensum,
763 2867 854 2926 patens
937 2859 1033 2908 Ennius
1047 2855 1176 2906 annalium

70 2930 112 2978 lib.
128 2929 165 2977 X:
185 2930 275 2994 aegro¹
293 2943 315 2977 e.
333 2942 356 2990 q.
372 2943 393 2976 s,
413 2930 535 2993 ‘passis
557 2931 591 2979 ait
612 2930 745 2995 palmis,
769 2926 915 2995 patentibus
930 2936 955 2979 et
973 2928 1104 2978 artensis.¹

68 2999 112 3048 th
125 2998 262 3048 Diomedes
278 3000 285 3046 l
300 3011 326 3062 p.
343 2997 394 3048 370
408 2998 435 3046 P.
451 2999 535 3064 ‘apud
549 3007 648 3048 ueteres
666 3001 809 3064 reperimus
822 3001 898 3049 etiam
912 2999 1049 3062 nlitleram
1063 2997 1176 3048 additam

71 3070 162 3134 pinso
176 3069 244 3131 quod
259 3075 297 3116 est
309 3067 388 3116 tundo
400 3075 425 3116 et
437 3069 517 3132 pinsit
530 3070 668 3119 seeundum
682 3071 783 3122 tertium
800 3069 914 3119 ordinem
926 3076 953 3118 nt
967 3069 1063 3118 Ennius
1077 3067 1176 3118 decimo

71 3138 194 3186 annalium
215 3138 267 3185 ...⁹
291 3135 453 3201 (ordinem
469 3138 501 3187 id
517 3146 550 3187 ut
562 3141 670 3188 teni-us
689 3140 745 3188 Par.
760 3136 789 3203 a)
859 3136 1176 3204 x111N0niusp.483‚2

72 3208 167 3257 ‘laete
186 3208 344 3256 nominatiuo
366 3203 429 3255 cusu
444 3206 476 3255 ab
495 3222 524 3257 eo
548 3209 617 3270 quod
634 3217 673 3259 est
691 3209 730 3257 lan
748 3209 844 3258 Ennius
864 3207 908 3256 lib.
928 3208 953 3257 X
973 3209 1028 3257 ..,’
1055 3207 1132 3274 (lib.
1152 3205 1177 3256 X

73 3277 156 3326 bamb.
182 3277 238 3326 lib.
255 3277 291 3326 Xl
311 3273 403 3339 ceteri)
473 3276 534 3326 XIV
553 3279 642 3328 Festus
662 3294 689 3344 p.
704 3278 755 3330 375
772 3279 806 3328 Μ.
832 3283 958 3328 ‘aerata
977 3278 1030 3344 pila
1049 3278 1175 3335 dicuntur,

73 3347 137 3408 quod
157 3345 246 3410 [ueluti
258 3344 357 3409 ueruto]
375 3345 485 3396 habeant
497 3347 620 3413 praefixe.
643 3349 739 3398 Ennius
756 3349 784 3397 li.
796 3348 835 3398 X:
940 3349 1064 3397 oursus'
1080 3363 1102 3396 e.
1117 3365 1141 3410 q.
1153 3361 1174 3395 s.

73 3416 199 3466 Lueretius
218 3417 254 3464 IV
271 3413 324 3466 409
345 3419 423 3478 ‘quos
439 3415 487 3466 tibi
504 3425 557 3466 tum
577 3433 655 3483 supra
672 3419 710 3468 sol
728 3419 822 3468 montis
840 3434 897 3469 esse
915 3419 1017 3470 uidetur
1030 3417 1177 3468 Comminus

74 3487 126 3549 ipse
138 3501 182 3535 suo
196 3486 347 3551 contingens
365 3483 481 3535 feruidus
496 3488 565 3553 igni,
586 3490 638 3538 Vix
653 3489 744 3538 absunt
757 3489 831 3538 nobis
848 3489 943 3538 missus
956 3488 996 3537 bis
1010 3486 1080 3536 mille
1097 3487 1176 3552 sagit-

74 3563 125 3614 tae,
143 3555 204 3604 Vix
217 3556 314 3605 etiam
328 3569 443 3604 cursus
458 3557 655 3623 quingentos
669 3557 901 3624 saepeueruti.'

106 3657 188 3708 Lissa
204 3659 240 3708 Xl
274 3657 393 3708 IFestus
412 3673 438 3726 p.
453 3660 504 3710 257
517 3659 551 3710 M.
577 3661 713 3726 ‘quippe
732 3659 877 3728 significare
892 3660 955 3722 quid
970 3659 1008 3707 ni’
1034 3656 1176 3726 (quodni
1249 3703 1267 3724 ι

75 3785 271 3802 ,....-...-...

76 3871 208 3921 uersatam
239 3867 294 3921 iam
322 3880 499 3921 summouere
527 3867 684 3921 columnam
700 3863 824 3938 Scaliger
843 3863 921 3936 apud
933 3861 1071 3917 Merulam

74 3951 122 4008 352
137 3951 223 4006 comis
238 3951 348 4022 sparsis
365 3950 392 4006 J.
411 3951 595 4023 Bernaysrils.
616 3951 720 4018 comis,
743 3967 795 4006 om.
817 3949 940 4020 sparsis,
962 3947 1026 4002 libri
1109 3941 1175 4001 latu'

76 4031 101 4086 J.
120 4035 300 4109 amyreus.
329 4037 383 4090 late
411 4035 475 4091 libri
575 4039 630 4094 ,553
650 4036 762 4104 aeriter]
783 4041 863 4106 pater
882 4032 955 4088 libri.
982 4047 1008 4086 a.
1031 4049 1056 4086 e.
1079 4045 1176 4088 eomas

78 4121 162 4187 passis
175 4122 278 4192 palmis
292 4123 448 4178 lacerantes
464 4119 585 4176 Merula.
607 4138 633 4175 a.
658 4119 687 4175 C.
712 4121 800 4175 eomis
823 4121 876 4173 late
899 4117 992 4190 passis
1019 4116 1175 4188 palmisque

78 4213 216 4271 precantur
240 4205 279 4262 Η.
301 4205 438 4279 llberpius
464 4211 490 4260 el
512 4205 563 4261 Tb.
585 4205 695 4278 liupila
799 4210 851 4265 355
875 4210 903 4258 et
926 4203 1008 4259 simul
1031 4201 1177 4259 Gulielmus

80 4286 161 4348 Ploul.
176 4291 255 4365 Capi.
268 4297 296 4350 5.
311 4293 379 4348 essi
388 4291 489 4346 mulier
502 4290 600 4348 Bamb.
622 4307 653 4346 es
668 4291 693 4346 si
707 4291 807 4348 mulier
821 4290 906 4346 ceteri
