2770 4946
489 379 731 451 nnntovtnn

159 550 253 619 Neue
273 549 349 618 inde
371 546 468 618 nauis
488 545 691 616 inchoandae
713 544 886 616 exdrdium

159 651 352 744 coepisset,
380 672 466 744 quac
488 671 576 720 nunc
595 649 785 721 nominatur
805 649 937 721 nomine

160 756 278 848 Arge,
306 755 384 849 quia
400 753 521 847 Argiui
540 757 573 824 in
590 775 632 824 ea
649 753 759 822 dilecti
777 751 840 822 uiri

47 957 100 1006 bus
115 956 168 1006 hoc
182 957 260 1007 modo
273 957 343 1020 loqui
356 971 504 1006 concessum
517 961 568 1005 est:
590 951 770 1020 [atto-288}
800 953 864 1004 Nam
876 953 919 1004 hic
931 954 994 1004 eatis
1008 961 1062 1005 erat
1074 953 1168 1018 dicere,

48 1029 72 1076 si
88 1027 120 1076 id
134 1027 227 1086 modo,
248 1027 317 1090 quod
336 1027 496 1087 canaescet,
519 1033 636 1074 curarent
655 1027 758 1090 poetae:
782 1025 880 1074 utinam
899 1039 990 1075 neers
1006 1039 1093 1076 errans
1112 1040 1170 1076 mea

49 1097 132 1146 domo
151 1097 253 1147 efferret
270 1097 363 1162 pedem
381 1097 489 1146 Medea·
521 1096 564 1161 (ln
583 1111 648 1157 quae
668 1095 809 1160 scripturae
830 1094 1017 1160 discrepantiae
1032 1093 1081 1146 hae
1096 1103 1168 1144 sunt:

49 1165 105 1232 ne]
122 1183 161 1216 nc
175 1181 289 1216 errans
302 1167 450 1231 Panmpr.
523 1171 559 1214 ne
573 1163 648 1214 hera
661 1163 787 1230 errans]
804 1179 840 1214 ne
855 1179 1032 1215 erraueras
1045 1164 1167 1215 Wuerzb.

50 1252 107 1286 era
120 1237 214 1287 Bamb.
229 1236 261 1298 b,
281 1250 332 1286 om.
346 1236 404 1286 Par,
476 1249 543 1284 mea
562 1233 652 1284 domo
672 1249 722 1284 om.
740 1233 829 1284 Bamb.
849 1235 963 1284 aTross.
1035 1233 1170 1286 efferret

50 1303 588 1371 pedemdomoBamb.bFris.0pitz.
659 1301 938 1368 medeasWuerzb.)
973 1303 1118 1355 Priscianus
1137 1305 1169 1355 de

50 1377 144 1425 metria
157 1377 260 1426 Terent.
277 1391 299 1424 c.
313 1378 329 1427 2
344 1391 370 1441 p.
386 1374 453 1426 1325
465 1376 493 1424 Ρ.
509 1375 571 1438 §22
583 1389 610 1439 p.
623 1373 675 1426 416
688 1373 718 1424 G.
736 1375 772 1440 (ll
785 1390 812 1441 p.
827 1373 880 1426 tto
891 1371 936 1439 ll.)
957 1377 1017 1424 ‘uec
1030 1373 1112 1424 solum
1127 1390 1170 1425 co-

50 1447 116 1495 mici
129 1446 239 1496 huiusce
249 1446 320 1495 modi
335 1452 393 1494 sunt
407 1447 447 1495 nsi
461 1443 562 1504 iambis,
582 1444 717 1493 sedetiam
732 1445 823 1510 tragici
837 1445 1012 1506 uetustissimi,
1032 1453 1062 1494 ut
1073 1445 1169 1494 Ennius

51 1516 79 1564 in
98 1515 207 1566 Medea:
233 1513 433 1582 [280—287].'
468 1513 557 1565 Cicero
573 1513 604 1562 de
619 1512 671 1563 iato
686 1512 728 1574 15,
744 1513 777 1566 35
802 1517 849 1564 ‘ex
868 1514 917 1564 hoc
937 1529 1030 1582 genere
1050 1515 1170 1566 illudent

52 1585 134 1634 Enni:
162 1585 235 1652 [280.
254 1583 327 1650 2811.
360 1584 444 1635 Licuit
466 1584 508 1634 uel
532 1583 621 1633 altius:
653 1583 750 1632 utinam
767 1599 799 1633 ne
820 1585 846 1634 in
866 1585 935 1634 Pelio
956 1593 1014 1634 nata
1039 1584 1092 1636 ulla
1114 1600 1170 1636 urn-

52 1670 134 1717 quam
151 1664 218 1705 esset
234 1655 323 1705 arbor!
352 1656 428 1704 etiam
440 1669 534 1720 supra,
553 1655 650 1702 utinam
662 1667 693 1702 ne
708 1661 776 1704 esset
789 1669 861 1704 mons
872 1654 940 1704 ullus
953 1653 1051 1704 Pelius!
1079 1655 1171 1706 simili-

52 1732 146 1788 terque
164 1726 299 1792 superiora
318 1732 473 1790 repetentem
494 1723 595 1789 regredi
616 1723 713 1772 infinite
736 1723 803 1773 licet.
843 1723 928 1774 Neue
946 1725 1021 1774 inde
1100 1740 1171 1776 coe-

53 1796 170 1858 pisset.
206 1793 332 1853 Quorsum
348 1795 412 1844 haec
426 1794 579 1860 praeterita?
603 1792 669 1851 Quia
688 1793 803 1856 sequitur
819 1793 974 1859 illud-[287.
989 1793 1051 1862 288]
1073 1810 1124 1846 uon
1144 1803 1172 1846 nt

53 1879 100 1913 eae
118 1880 162 1914 res
175 1880 279 1914 causam
294 1864 412 1914 afferrent
427 1863 541 1916 amoris.’
573 1863 643 1912 idem
662 1877 710 1928 pro
723 1863 809 1912 Caelio
822 1863 848 1924 8,
864 1863 897 1914 18
916 1867 980 1927 ‘quo
995 1864 1051 1915 loco
1065 1879 1172 1932 possum

53 1933 145 1984 dicere
160 1935 187 1984 id
201 1935 270 1998 quod
339 1934 446 1984 Crassus
522 1932 598 1998 paulo
616 1940 674 1983 ante
690 1933 769 1994 dixit,
793 1933 912 1983 utinam
933 1948 969 1984 ne
989 1935 1021 1984 in
1042 1950 1171 1986 nemore

53 2003 163 2065 Pelio,
183 2019 214 2053 ac
229 2005 331 2070 longius
345 2004 448 2068 quidem
462 2004 526 2054 mihi
541 2009 676 2052 contexere
690 2002 738 2052 hoc
754 2018 855 2052 carmen
870 2003 965 2054 liceret.
993 2004 1069 2056 Nam
1084 2020 1171 2054 num-

53 2089 150 2135 quam
168 2089 224 2124 era
242 2088 353 2124 errans
372 2074 438 2124 hanc
456 2073 599 2124 molestiam
620 2073 694 2122 nohis
713 2071 846 2123 exhiberet
864 2073 975 2126 Medea
992 2077 1097 2126 animo
1120 2108 1170 2125 ...

54 2281 104 2319 sae
124 2263 321 2332 accedissent,
344 2282 397 2320 om.
414 2263 550 2336 abiegna,
572 2261 642 2318 Por.
659 2278 695 2316 nt.
707 2277 756 2333 pr.
775 2264 809 2318 cle
821 2263 878 2320 inu.
900 2281 986 2320 caesa
1002 2265 1173 2322 accidissent

55 2350 201 2420 abiegnae
222 2351 287 2422 aliq.
303 2349 365 2404 cdd.
384 2351 418 2404 dc
437 2349 508 2422 [oto.
530 2363 633 2405 caesae
653 2346 825 2404 accidissent
844 2349 946 2422 abigne
962 2349 1038 2406 Laid.
1059 2351 1093 2407 dc
1113 2357 1172 2408 net.

54 2433 136 2490 deor.
154 2451 241 2490 caesa
257 2434 411 2489 cecidisset
425 2435 545 2506 abiegna
559 2432 653 2488 Prisc
668 2433 703 2487 de
717 2439 797 2488 metr.
816 2433 881 2490 Ter.
897 2435 1004 2490 Carior.
1024 2452 1086 2492 cnm
1100 2437 1173 2492 dete·

54 2517 179 2575 nombre
199 2518 293 2574 Pmbc.
309 2537 342 2590 p.
357 2521 423 2582 tat,
447 2520 500 2574 duo
517 2519 607 2574 Onon.
629 2533 701 2572 nnus
723 2516 808 2590 Scap.
827 2535 879 2590 mg.
904 2519 998 2591 Topic.
1018 2521 1058 2592 cs.
1072 2536 1171 2593 snpra.

55 2619 125 2658 cesa
140 2603 296 2659 cecidisset
308 2605 429 2676 abiegna
444 2603 596 2676 (abiegnae
612 2605 704 2668 corr.)
721 2600 807 2674 Opitz.
820 2603 860 2657 od
868 2603 936 2658 Her.
953 2621 1057 2659 caesae
1073 2607 1172 2673 (cesae

55 2687 159 2742 Bomb.
176 2705 194 2741 c
211 2688 227 2742 b
244 2687 327 2756 Tun)
351 2687 521 2743 cecidissent
541 2687 677 2760 abiegnae
698 2688 832 2758 (abiegne
851 2687 950 2742 Bomb.
964 2688 993 2757 b)
1014 2687 1084 2744 Por.
1106 2693 1174 2758 (nisi

55 2773 132 2844 qnod
145 2773 174 2826 in
191 2771 244 2828 boc
259 2773 430 2828 cecidissent
444 2776 519 2829 nocta
529 2773 626 2845 primo
640 2771 747 2844 syllaba
761 2787 835 2827 corr.
849 2778 902 2840 est)
921 2773 1019 2828 Bomb.
1035 2773 1080 2828 ab
1095 2775 1172 2831 Fran.

57 2858 158 2914 Troas.
180 2857 249 2913 Tur.
269 2858 308 2913 ad
327 2858 399 2914 Her.
421 2873 507 2914 caesa
527 2855 698 2912 occidissent
719 2857 856 2928 abiegnae
877 2859 942 2930 αἱίᾳ.
963 2859 1026 2914 odd.
1048 2861 1082 2915 de
1101 2858 1171 2931 fcto.

56 2957 163 2998 caesae
179 2942 364 3010 cecidissent,
388 2960 442 2999 om.
457 2943 593 3014 abiegna,
614 2942 737 3014 Anplom.
755 2941 848 2998 Troas.
866 2943 935 2998 Tor.
951 2949 977 2998 ot
989 2945 1037 2999 alt.
1053 2962 1098 3012 m.‚
1121 2947 1172 3001 ed-

56 3027 111 3083 dito
134 3028 219 3082 amul
238 3029 373 3100 abiegna,
395 3027 466 3084 Por.
488 3027 522 3082 dc
541 3028 597 3084 inu.
619 3025 790 3082 accidissent
810 3028 946 3100 abiegnae
969 3027 1046 3085 Eine.
1066 3029 1172 3105 Grypb.

59 3111 158 3184 Topio.
177 3111 329 3168 cecidisset
351 3114 473 3184 abiegna
487 3126 560 3168 unna
574 3110 660 3183 Sanp.
680 3110 746 3166 ibit.
767 3112 939 3169 cecidissent
959 3115 1097 3188 abiegnae
1119 3118 1173 3173 dno

57 3195 148 3268 Sonp.
172 3195 257 3252 tsine.
276 3196 339 3253 ibid.
363 3198 517 3254 ceciderint
536 3197 658 3269 abignea
671 3196 749 3252 Flor.
771 3213 807 3257 m.
824 3216 874 3271 pr.
897 3198 1031 3256 ceciderit
1052 3203 1173 3273 abiegna

57 3282 140 3350 Flor.
163 3297 202 3335 m.
223 3282 271 3336 alt.
292 3282 427 3338 ceciderit
447 3283 567 3364 abiegne
586 3280 680 3337 Amor.
696 3299 714 3335 a
736 3283 801 3349 (aed
812 3285 919 3356 wem
934 3285 1040 3356 dipbtb.
1059 3305 1095 3342 m.
1111 3289 1173 3348 alt)

57 3363 365 3432 menomenae.
384 3367 556 3424 cecidissent
566 3365 656 3422 Iulius
673 3365 774 3422 Victor.
791 3367 942 3424 cecidisset
956 3369 1045 3425 Gond.
1061 3372 1172 3428 Donati.

58 3450 233 3506 cecidissent
248 3451 335 3524 and.
357 3468 419 3509 cnm
437 3454 500 3509 cdd.
517 3457 572 3507 net.
588 3450 693 3506 Donati
775 3451 918 3526 Singulari
930 3469 1044 3510 nomem
1053 3459 1173 3526 positum

58 3551 119 3591 esse
140 3536 236 3604 trabes
257 3543 390 3594 testantur
411 3538 503 3595 Varro
520 3541 546 3590 et
557 3535 721 3592 mannua
739 3552 773 3607 p·
788 3542 839 3597 tal
925 3537 962 3592 ad
983 3544 1055 3594 terra
1076 3541 1172 3597 ilcan.

64 3621 216 3676 Varronis.
242 3626 360 3690 terram,
382 3640 435 3678 om.
451 3623 503 3691 ad,
523 3621 602 3676 Flor.
621 3638 657 3675 m.
674 3621 722 3675 alt.
738 3618 828 3688 Quinti.
848 3623 884 3678 ad
901 3629 1002 3678 terram
1024 3619 1088 3692 (sed
1102 3626 1120 3680 d
1135 3643 1172 3680 m.

59 3705 124 3772 cit.)
140 3703 236 3760 Ambr.
252 3721 271 3760 o
287 3707 350 3762 ibid.
368 3708 512 3763 interram
527 3705 666 3761 Helberst.
682 3721 744 3760 cunt
759 3708 821 3763 elin
838 3708 915 3764 libra
928 3707 1020 3764 Prisc.
1030 3727 1062 3781 p.
1080 3715 1129 3769 ⁷51

102 3794 156 3849 282
187 3805 275 3845 naues
293 3790 365 3846 Por.
388 3810 423 3850 m.
443 3810 492 3864 pr.
507 3787 552 3846 'ad
570 3789 641 3846 Her.
726 3791 904 3848 inchoandae
925 3791 1015 3849 Prisc.
1038 3796 1072 3850 de
1094 3803 1172 3852 metr.

65 3873 144 3943 Ter„
166 3873 239 3930 Por.
260 3876 394 3943 (ceddae
411 3878 530 3944 inrue.)
555 3891 617 3930 cnm
638 3873 714 3930 libris
723 3875 866 3950 plerisque
887 3879 927 3932 ccl
940 3877 1026 3944 lien,
1045 3882 1173 3953 plerique

62 3959 124 4015 cdd.
140 3960 176 4015 dc
192 3959 264 4031 soto.
279 3961 432 4017 inchoandi
447 3961 546 4017 Bamb.
564 3959 580 4014 b
594 3959 633 4014 ed
646 3958 716 4014 Her.
737 3962 800 4034 clip.
816 3963 879 4019 cdd.
895 3963 930 4019 de
944 3963 1013 4035 saw.
1035 3965 1172 4020 inchoans

67 4043 164 4098 Bomb.
187 4061 205 4097 a
232 4045 271 4100 od
289 4045 360 4101 Her.
448 4061 536 4101 naues
563 4043 739 4100 inchoandas
767 4047 882 4102 exdium
916 4049 1043 4104 Wnerzb.
1068 4049 1130 4104 ibid.

104 4134 158 4188 283
178 4130 304 4198 cepisset
324 4131 453 4187 Wnerzb.
473 4147 510 4184 m.
522 4147 569 4200 pr.
585 4129 656 4184 Por.
671 4129 799 4186 Bembb
824 4133 891 4188 Tor.
914 4134 953 4188 nd
972 4132 1042 4188 Her.
1064 4137 1173 4204 coepis·
1242 4139 1246 4142 ’

65 4221 125 4266 sent
134 4213 210 4270 Fm'e.
227 4213 324 4269 ibidem
412 4232 484 4272 nunc
495 4229 548 4270 cm.
560 4213 647 4285 oper.
659 4212 774 4271 aune.
861 4219 973 4272 nomine
985 4235 1035 4273 om.
1049 4219 1146 4275 Bomb.
1158 4220 1174 4275 b

67 4296 161 4354 Troes.
181 4296 269 4368 opita
288 4299 327 4354 od
339 4300 407 4360 Her.
503 4294 616 4370 ffld'eq.
648 4299 726 4369 Argo
755 4304 820 4373 quia
839 4305 937 4376 Argiui
967 4306 994 4358 in
1016 4321 1050 4360 ea
1074 4305 1173 4362 delecti
