2752 4944
637 379 871 436 AMMALlVM

622 645 781 730 hlllllll
811 643 889 728 lllll

749 853 763 925 l

212 977 310 1042 ³70.
363 1024 372 1042 .
425 969 511 1042 satin
531 973 626 1042 uates
645 975 763 1044 nerant
780 975 889 1044 aetate
907 971 941 1042 in
962 973 1148 1065 agenda?-

766 1105 782 1144 ι

301 1210 399 1306 isque
416 1210 634 1304 Hellesponto
653 1109 787 1304 ponllem
803 1209 971 1282 contendit
989 1210 1022 1280 in
1041 1210 1119 1282 alto.

301 1447 376 1536 Quo
398 1473 453 1522 res
473 1473 575 1542 sapsa
595 1450 670 1522 loeo
688 1348 774 1524 sesllel
782 1453 992 1543 ostentatque
1010 1410 1166 1558 iubetque

299 1688 443 1760 Annibal
461 1690 580 1762 'audaei
598 1712 673 1764 oum
693 1587 828 1786 pelcllore
846 1692 888 1761 de
906 1713 959 1762 ure
977 1689 1127 1761 hortatur

299 1793 347 1865 Ne
365 1793 485 1865 bellurn
507 1793 641 1866 faciam:
667 1819 765 1890 quern
786 1793 923 1898 eredidit
945 1817 1023 1864 esse
1042 1815 1152 1864 meum
1174 1815 1230 1863 cor

209 1903 272 1966 375
299 1895 480 1970 Suasorem
502 1921 666 1970 summum
687 1905 720 1971 et
740 1901 928 1972 studiosum
945 1899 1066 1970 robore
1086 1895 1173 1966 belli.

299 2135 469 2210 Matronae
487 2159 620 2212 moeros
638 2037 804 2234 compMnt
822 2141 974 2233 spectare
992 2134 1167 2208 fauentes:

229 2360 317 2410 Lines
333 2359 392 2408 Xlll
428 2359 555 2412 IGellius
573 2363 693 2414 xviris
718 2364 876 2427 ‘quaesitum
900 2361 950 2412 hoe
973 2367 1026 2420 est,
1048 2359 1155 2410 uerbum
1178 2363 1292 2414 uerunt,
1364 2404 1365 2412 ,

195 2429 265 2496 quod
284 2428 412 2495 signifieat
434 2445 496 2482 uera
519 2433 620 2493 dieunt,
649 2434 768 2496 quisnam
791 2442 908 2484 ueterum
931 2433 1066 2497 poetarum
1089 2431 1203 2480 dixerit?
1220 2452 1293 2466 --
1362 2473 1365 2493 ὦ

196 2499 275 2550 Nemo
289 2501 357 2550 enim
369 2506 423 2550 tum
436 2503 657 2563 commeminerint,
681 2503 777 2553 dictum
791 2519 848 2554 esse
862 2518 878 2551 a
889 2501 919 2562 Q.
934 2502 1017 2551 Ennio
1028 2500 1056 2550 id
1069 2501 1177 2550 uerbum
1194 2501 1219 2550 in
1231 2498 1292 2548 tertio

195 2569 295 2620 deoimo
316 2569 445 2620 annalium
466 2571 492 2620 in
512 2573 560 2621 isto
580 2588 672 2623 uersu:
697 2574 776 2622 satin’
797 2591 819 2624 e.
840 2589 866 2635 q.
885 2588 907 2621 s.
978 2571 1001 2621 11
1021 2571 1103 2620 Varro
1124 2569 1157 2620 de
1173 2571 1202 2619 L.
1216 2569 1243 2618 L.
1256 2567 1293 2616 Vll

195 2639 228 2690 21
236 2637 270 2689 M.
288 2639 379 2702 ‘quasi
393 2639 588 2706 Hellespontum
603 2650 627 2692 et
639 2643 763 2696 claustra:
777 2643 898 2702 elaustro,
911 2641 981 2704 quod
993 2639 1095 2690 Xerxes
1110 2641 1234 2703 quondam
1246 2650 1293 2688 eun

194 2710 279 2760 losum
291 2709 397 2767 eleusin
417 2724 476 2759 nam
493 2719 520 2760 ut
532 2712 630 2762 Ennius
644 2714 692 2762 ait:
710 2714 796 2776 isque'
813 2730 835 2763 e.
852 2729 877 2776 q.
892 2727 914 2761 s.
942 2711 970 2759 In
986 2709 1065 2759 hune
1075 2709 1170 2762 librum
1184 2706 1293 2774 relegauit

195 2779 293 2830 Merula
361 2779 395 2828 llI
414 2779 505 2830 Festus
524 2797 550 2846 p.
571 2781 622 2833 325
637 2781 671 2830 M.
698 2786 763 2832 ‘sas
784 2783 891 2832 Verrius
911 2788 984 2846 putat
1007 2779 1153 2845 significare
1178 2795 1220 2830 eas
1240 2784 1293 2826 teste

195 2849 286 2908 Ennio,
302 2848 345 2910 qui
358 2848 426 2898 dieat
438 2849 465 2898 in
477 2849 494 2900 l.
506 2851 529 2899 l:
548 2849 632 2916 [LX]‚
653 2867 710 2902 euni
724 2867 784 2902 suss
798 2852 882 2917 magis
894 2851 1013 2901 uideatur
1024 2847 1181 2918 signifieare‘.
1198 2848 1241 2898 sed
1253 2845 1292 2894 nti·

194 2933 244 2982 que
257 2917 372 2970 eiusdem
386 2918 403 2967 l.
414 2917 458 2970 Ull
469 2918 601 2970 latendum
615 2929 653 2971 est
663 2937 720 2972 eam
731 2921 872 2988 significari
883 2935 940 2970 curn
952 2920 1001 2970 eit:
1016 2919 1051 2986 [V
1053 2921 1073 2967 li
1083 2919 1116 2968 ir.
1127 2918 1160 2984 Il]
1176 2920 1233 2969 item
1246 2929 1292 2965 eun

193 2989 230 3038 ait
243 3002 370 3053 sapsam
384 3002 431 3053 pro
444 2989 503 3054 ipsa
516 3005 563 3041 nee
575 2991 641 3051 alia,
666 2992 735 3055 quod
747 2993 819 3057 ponit
833 2993 859 3040 in
872 2991 890 3039 l.
904 2990 962 3039 Xlll
1055 2988 1151 3038 Paulus
1168 3004 1194 3054 p.
1209 2985 1255 3039 324
1264 2982 1291 3033 M·

194 3061 308 3123 ‘sapsa
320 3058 387 3123 ipsa.
404 3058 476 3109 Idem
482 3060 593 3110 Ennius:
604 3062 666 3124 quo'
679 3077 702 3111 e.
712 3078 736 3124 q.
745 3077 766 3110 s.
839 3061 875 3110 IV
891 3059 989 3111 Gellius
1002 3058 1079 3108 vlit
1094 3059 1211 3124 ‘scripsit
1221 3062 1291 3106 sutem

193 3127 349 3187 Caesellius,
375 3125 404 3186 Q.
424 3128 534 3179 Ennium
552 3131 579 3179 in
598 3130 658 3179 Xlll
671 3131 736 3180 libro
759 3130 902 3180 annalinm’
920 3129 981 3194 (th
1000 3129 1140 3178 deteriores
1160 3128 1226 3178 libri.
1245 3123 1292 3174 Xlll

192 3211 257 3248 eorr.
275 3203 303 3245 nt
322 3197 376 3246 uid.
397 3213 430 3248 ex
447 3197 494 3248 XM
507 3198 581 3264 Vat.)
600 3204 658 3250 ‘eor
677 3201 776 3251 dixisse
795 3199 939 3250 masculino
955 3213 1058 3265 genere.
1084 3198 1173 3248 Verba
1188 3192 1292 3248 Caesellii

192 3267 307 3317 subieota
320 3273 391 3317 sunt:
409 3269 550 3320 masculino
564 3285 657 3336 genere
672 3284 730 3332 eor,
749 3277 777 3319 ut
788 3270 869 3320 multa
879 3269 949 3330 alia,
967 3269 1108 3318 enuntisuit
1119 3269 1227 3321 Ennius:
1244 3275 1293 3312 uem

192 3339 218 3387 in
229 3335 288 3386 Xlll
301 3336 386 3386 annali
397 3353 472 3402 quem
482 3353 526 3389 eor
540 3339 615 3390 dixit.
636 3342 652 3392 5
666 3341 794 3406 Ascripsit
804 3340 898 3390 deinde
911 3353 1001 3388 uersus
1012 3338 1087 3388 Ennii
1102 3337 1167 3388 duo:
1183 3327 1291 3404 [orant]

194 3405 334 3460 Antiochus
347 3405 443 3470 estqui
457 3406 507 3458 hoo
519 3408 581 3460 dieit
595 3410 672 3460 Asiae
684 3411 743 3460 rex‘
760 3427 782 3460 e.
799 3425 823 3474 q.
839 3425 861 3459 s.
891 3409 956 3458 ‘hoo
970 3407 1112 3458 Caesellius
1128 3407 1243 3470 quidem,
1255 3399 1292 3450 sed

192 3477 264 3528 aliud
284 3475 367 3543 longe.
378 3475 485 3527 Ennius.
513 3477 608 3530 9Nam
628 3487 679 3529 tres
698 3496 789 3530 uersus
807 3485 878 3539 sunt,
898 3493 948 3529 non
968 3478 1018 3528 duo
1034 3477 1067 3526 ad
1080 3477 1148 3527 hane
1161 3476 1234 3526 Ennii
1245 3485 1292 3521 sen-

190 3548 295 3598 tentiam
318 3546 488 3612 pertinentes,
519 3564 552 3598 ex
573 3549 665 3610 quihus
684 3551 786 3600 tertium
811 3564 915 3598 uersum
940 3548 1080 3598 Caesellius
1106 3561 1157 3596 non
1179 3542 1292 3610 respexit:

192 3615 264 3686 [373.
278 3616 321 3666 74.
338 3613 401 3682 75].’
418 3615 516 3668 Nouius
526 3633 553 3685 p.
568 3617 625 3678 195,
638 3618 670 3670 ltl
683 3623 751 3670 ‘eor
762 3619 864 3686 generis
879 3625 917 3668 est
930 3619 1021 3675 neutri,
1035 3623 1063 3666 ut
1074 3615 1181 3666 dubium
1194 3628 1241 3664 non
1253 3617 1292 3661 est.

191 3685 325 3738 Mesonlini
335 3686 432 3738 Ennius
445 3686 569 3737 lib.Xlli:
587 3686 659 3756 [373.
675 3687 739 3754 741:
810 3689 834 3738 V
847 3687 954 3739 Seruius
966 3686 1091 3753 inGeorg.
1109 3689 1119 3736 1
1133 3686 1167 3737 18
1180 3684 1296 3736 ‘tauers

230 3863 285 3922 370
302 3877 404 3919 uersus
422 3869 451 3920 at
467 3863 577 3920 inuates
592 3864 664 3937 Περ.
679 3881 765 3921 uersu
783 3871 937 3921 sannuates
951 3863 1039 3935 Laud.
1056 3841 1152 3918 uersu.
1168 3865 1212 3918 set
1224 3860 1295 3915 inus·

189 3953 232 4004 tes
253 3945 332 4006 Voss.
350 3946 391 4020 ef.
406 3963 495 4021 supra
601 3952 654 4008 sin
671 3955 796 4007 ostentat
808 3950 928 4016 Portas,
952 3949 1004 4004 rel.
1020 3963 1074 4002 om.
1180 3948 1233 4005 ata
1246 3943 1295 3998 An·

189 4033 265 4090 nibal
277 4030 355 4090 nete.
368 4033 460 4091 Nonii.
472 4034 610 4092 Hannibal
622 4037 707 4092 ceteri
716 4035 807 4104 Nonii,
820 4033 922 4092 Geltt‘sts
997 4030 1109 4088 laudaui
1121 4031 1226 4089 Nostius

188 4139 264 4209 eum]
280 4138 347 4194 dum
361 4138 424 4196 libri
440 4139 519 4197 Gellii
534 4145 549 4206 s
567 4145 594 4199 9.
617 4157 663 4198 um
687 4141 803 4198 Nonius.
823 4142 895 4196 inter
914 4139 1014 4196 audaci
1029 4143 1056 4196 et
1069 4137 1150 4194 dum:
1177 4108 1295 4214 &Algi

189 4221 316 4280 Rottersd.
330 4223 462 4290 &unse
533 4225 787 4297 peeioreltottend.
801 4220 904 4290 uelles
916 4231 932 4282 5
997 4223 1169 4292 dehortatur,
1182 4243 1232 4282 om.
1246 4240 1292 4288 nne,

189 4307 339 4366 lthrs'Gellt's'
353 4313 369 4374 s
379 4315 407 4368 ι.
420 4296 492 4366 ''de''
505 4327 550 4364 me
563 4310 688 4368 hortatur
708 4309 769 4367 Vat.
783 4313 826 4378 §9
841 4297 900 4380 (Μ’
913 4327 951 4367 m.
963 4311 1036 4378 rec.)
1113 4311 1175 4372 -oto
1190 4323 1292 4408 rnoeros
